4852 6062
502 527 572 582 111
1209 507 1511 562 a

500 717 808 797 rumseminulis
823 714 888 816 (ι)
906 712 1083 792 libera&
1097 713 1272 810 undique
1291 712 1419 790 soluta
1437 712 1657 813 procedere
1670 711 1788 788 solet:
1813 732 1937 807 quare
1952 712 2076 791 libera
2095 715 2204 816 ejus.

501 847 610 924 modi
624 844 795 921 radicula
812 847 919 919 inter
939 843 1111 918 certiora
1125 843 1284 917 seminis
1300 845 1390 919 veri
1408 841 1516 936 figna
1526 840 1761 935 diagnostica
1776 848 1866 915 tuto
1882 841 2028 917 referri
2040 849 2202 942 poterit.

503 970 642 1072 Scapi,
679 973 742 1046 seu
773 970 892 1070 ipsius
919 972 1103 1067 corporis
1127 991 1298 1062 gemmae
1324 969 1528 1060 evolutio,
1569 968 1607 1042 id
1629 971 1850 1060 generatim
1881 973 2035 1067 proprii
2066 971 2203 1057 habet,

502 1100 612 1196 quod
631 1098 797 1174 successu
824 1101 1019 1196 temporis
1045 1097 1149 1171 haud
1173 1118 1355 1191 magnam
1385 1120 1407 1169 a
1427 1096 1631 1193 primitiva
1650 1095 1715 1168 sua
1735 1094 1876 1188 figura.
1889 1099 2063 1193 patiatur
2082 1108 2205 1173 muta·

502 1232 675 1302 tionem:
714 1223 807 1298 dum
827 1236 968 1297 contra
990 1227 1028 1296 in
1057 1224 1220 1307 semine,
1247 1224 1410 1300 evoluta
1433 1223 1568 1320 planta
1601 1244 1622 1292 a
1647 1221 1822 1294 seminali
1847 1223 2085 1317 embryone,
2118 1223 2204 1301 fere

502 1354 657 1450 seiirper
671 1350 907 1433 notabilem,
923 1349 1020 1442 quin
1035 1352 1237 1443 ingentem
1249 1330 1353 1448 saepe
1367 1352 1407 1422 in
1421 1348 1580 1422 modum
1596 1345 1764 1421 differat.
1803 1345 1912 1419 Hinc
1925 1351 2044 1423 etiam
2057 1346 2205 1426 Anau-

502 1498 637 1554 sonus
656 1476 742 1574 (a),
770 1475 807 1549 id
823 1479 927 1549 inter
948 1496 1126 1567 gemmas
1144 1484 1265 1569 atque
1280 1477 1427 1550 semina
1439 1471 1638 1548 essentiale
1659 1471 1904 1547 intercedere
1915 1474 2048 1549 voluit
2064 1476 2204 1551 discri-

501 1627 615 1689 men,
641 1602 749 1699 quod
769 1601 848 1675 illae
866 1599 995 1675 statim
1010 1603 1058 1676 ab
1084 1613 1180 1678 ortu
1195 1602 1265 1676 suo
1284 1602 1478 1677 matribus
1500 1600 1579 1674 suis
1602 1595 1748 1671 srmiles
1772 1596 1869 1681 smt;
1903 1599 2050 1674 semina
2069 1613 2203 1679 autem

501 1755 623 1807 unam
647 1730 798 1805 duasve
814 1737 1003 1825 promant
1027 1728 1310 1823 cotyledones,
1336 1737 1547 1821 antequam
1571 1727 1712 1798 matris
1732 1722 2024 1802 fimilitudinem
2047 1733 2202 1806 nancis-

502 1868 655 1932 cantur.
706 1851 787 1930 Sed
802 1855 879 1927 hoc
895 1855 1109 1929 discrimen
1133 1877 1215 1929 non
1229 1855 1319 1928 satis
1334 1864 1488 1928 certum
1510 1853 1549 1930 δι
1567 1854 1790 1928 universale
1803 1852 1878 1937 est,
1903 1856 1961 1928 uti
1983 1855 2020 1930 id
2034 1854 2203 1953 Cannae,

502 1985 684 2068 Bontiae,
710 1980 931 2067 Nelumbo,
959 1978 1217 2066 Graminum,
1250 1980 1290 2055 ὃ(
1314 2002 1369 2055 ex
1389 1979 1515 2054 altera
1538 1988 1670 2078 parte,
1695 1978 2000 2076 Hepaticarum,
2025 1983 2205 2058 aliarum·

502 2134 581 2205 que
598 2110 801 2209 exemplis
820 2109 1034 2183 contrariis
1059 2107 1166 2181 clare
1188 2107 1395 2191 docemur;
1418 2128 1544 2200 quare
1562 2127 1646 2178 non
1670 2108 1830 2203 penitus
1845 2105 2005 2198 quidem
2021 2104 2204 2203 rejicien-

502 2237 614 2318 dum,
640 2245 755 2310 caute
780 2246 914 2309 tamen
932 2256 981 2306 eo
998 2233 1192 2308 utendum
1211 2232 1298 2309 else.
1312 2234 1526 2309 censemus,
1588 2228 1835 2306 Accefforias
1854 2231 2023 2326 denique
2046 2245 2203 2334 partes,

502 2363 610 2459 quod
625 2364 789 2445 attinet,
815 2357 893 2435 illae
912 2362 952 2433 in
968 2361 1138 2453 gemmis
1150 2359 1391 2456 plerumque
1415 2368 1507 2432 ante
1530 2360 1863 2452 germinationem
1884 2360 2086 2444 defluunt3
2111 2383 2204 2455 quae

502 2512 607 2567 vero
632 2487 868 2587 persistunt,
898 2493 947 2558 ut
967 2482 1193 2557 Bulborum
1213 2483 1406 2579 squamae,
1441 2506 1501 2558 eae
1520 2486 1593 2559 vix
1616 2493 1686 2558 aut
1708 2506 1893 2584 pamma
1915 2487 2204 2579 germinatione

501 2624 727 2706 mutantur,
753 2612 818 2687 sed
837 2610 1047 2710 pristinam
1065 2610 1172 2684 suam
1196 2608 1368 2684 formam
1391 2609 1459 2685 vel
1478 2611 1519 2682 in
1546 2610 1665 2708 ipsam
1691 2631 1841 2686 novam
1870 2611 2046 2708 plantam
2074 2621 2203 2687 trans·

502 2740 657 2814 serunt:
684 2740 723 2811 in
755 2738 902 2812 semine
924 2746 1059 2811 autem
1077 2742 1228 2816 lomnes
1249 2745 1386 2832 partes
1410 2732 1647 2829 accessoriae‚
1679 2734 1762 2812 sive
1785 2734 1834 2811 ad
1857 2736 2015 2821 tesiam,
2047 2735 2130 2812 live
2154 2736 2202 2812 ad

502 2864 767 2959 ernbryonem
783 2858 976 2959 spedtent,
999 2859 1225 2936 constanter
1244 2881 1268 2931 a
1288 2862 1580 2952 germinatione
1604 2860 1880 2948 destruuntur,
1906 2884 1981 2937 nec
2004 2883 2143 2937 earum
2162 2866 2204 2938 in

503 2991 664 3066 novella
685 2990 820 3088 planta
838 2987 963 3062 ullum
990 3008 1166 3081 unquam
1191 2984 1367 3082 superest
1385 2984 1615 3080 vestigium:
1658 2989 1770 3072 hinc,
1807 2991 1849 3063 ni
1868 2988 2027 3064 Bulbus
2046 2990 2204 3066 aliunde

497 3113 582 3211 jam
599 3116 689 3188 satis
705 3124 828 3190 notus
846 3113 955 3199 esset,
985 3110 1111 3211 pollet
1133 3111 1198 3185 ille
1222 3108 1288 3187 vel
1307 3133 1362 3184 ex
1381 3111 1460 3184 sola
1480 3109 1623 3188 formae
1644 3115 1724 3189 suae
1741 3115 1956 3191 constantia
1980 3115 2093 3193 facile
2108 3139 2203 3214 cog·

498 3243 618 3317 nosci
642 3240 682 3315 dr
703 3240 751 3315 ab
773 3232 959 3315 omnibus
977 3239 1143 3332 reliquis
1166 3238 1468 3335 propagationis
1491 3241 1652 3334 organis
1672 3248 1760 3315 tuto
1777 3239 1963 3316 discerni.

600 3456 680 3531 His
701 3460 854 3551 itaque,
893 3458 932 3531 in
962 3464 1107 3529 natura
1136 3452 1177 3528 dc
1208 3453 1339 3550 privis
1370 3473 1619 3547 gemmarum
1654 3455 1813 3532 dotibus
1847 3457 2023 3533 fundatis
2057 3457 2202 3553 signis,

503 3582 719 3659 earundem
731 3606 831 3658 vera
847 3585 959 3656 notio
973 3580 1134 3654 &certa
1150 3580 1292 3652 nititur
1308 3578 1528 3671 diagnoiis3
1554 3583 1681 3676 iisque
1696 3581 1887 3679 negledtis
1900 3584 1942 3659 dc
1954 3582 2201 3683 posthabitis,

503 3706 712 3782 nonsolum
734 3729 912 3801 gemmas
935 3707 1077 3802 saepius
1098 3727 1188 3778 cum
1208 3704 1354 3779 semine
1369 3704 1578 3790 confundi,
1609 3707 1809 3784 sedetiam
1825 3707 1876 3783 de
1897 3709 1978 3807 ipso
1996 3713 2204 3787 variarum

501 3834 730 3932 plantarum
756 3835 854 3909 sexu
883 3831 1082 3907 sinistrum
1099 3831 1199 3907 ferri
1216 3824 1408 3923 judicium
1426 3831 1578 3908 necesse
1596 3832 1663 3908 est.
1715 3832 1819 3929 Cum
1842 3838 1971 3919 enim,
2003 3847 2052 3913 ut
2076 3839 2201 3933 vulgo
2256 3867 2258 3870 ⁴

502 3960 591 4033 fieri
613 3959 730 4043 solet,
769 3980 853 4033 non
875 3956 963 4033 aliae
991 3978 1067 4054 pro
1096 3958 1207 4030 veris
1235 3956 1434 4031 habentur
1461 3974 1650 4051 gemmae,
1682 3959 1753 4033 nili
1784 3982 1876 4055 quae
1904 3962 1984 4037 illis
2012 3966 2202 4043 arborum

503 4080 646 4157 similes
666 4083 774 4167 sunt,
810 4105 892 4157 non
912 4085 1064 4180 poterit
1081 4104 1163 4154 uon
1185 4083 1274 4155 fieri
1293 4087 1389 4176 quin
1413 4084 1501 4156 aliae
1527 4083 1785 4177 &sigillatim
1807 4086 1985 4186 aphyllae
2007 4111 2151 4166 omnes
2176 4114 2202 4167 e

475 4228 696 4282 -verarum
718 4229 891 4282 numero
921 4204 1249 4280 excludantur&
1275 4207 1322 4280 ad
1351 4207 1497 4280 semina
1527 4209 1809 4297 mandentum
1847 4213 1887 4288 δι
1913 4215 2202 4308 consequenter

502 4334 640 4415 etiam,
666 4334 761 4424 quin
778 4353 928 4426 organa
936 4332 1211 4431 supponantur
1224 4341 1294 4406 aut
1311 4331 1517 4427 fingantur
1532 4331 1809 4413 foecundandis
1827 4337 1909 4413 istis
1928 4339 2201 4437 hypetlreticis

496 4454 715 4531 seminibus
731 4457 921 4555 adaptata.
971 4454 1038 4531 Sic
1055 4477 1161 4532 unus
1181 4458 1352 4533 alterurn
1373 4461 1478 4558 parit
1494 4483 1635 4546 error3
1661 4461 1715 4537 fic
1732 4486 1833 4539 vera
1849 4465 1998 4562 plantis
2016 4466 2200 4539 tribuun-

501 4590 569 4656 tur
590 4582 753 4675 semina,
776 4605 868 4676 quae
881 4605 956 4682 per
973 4592 1099 4656 totam
1111 4583 1235 4657 vitam
1251 4583 1357 4657 suam
1373 4607 1425 4660 ne
1441 4587 1607 4661 ovulum
1631 4587 1790 4682 quidem
1806 4592 2029 4689 producere
2045 4592 2199 4674 valent;

500 4706 540 4782 dt
559 4706 611 4782 sac
627 4708 801 4804 denique
813 4708 934 4785 sexus
958 4730 1033 4806 per
1053 4708 1287 4785 universum
1303 4732 1475 4805 regnum
1499 4714 1724 4806 vegetabile
1750 4715 1946 4791 dominari
1962 4718 2199 4800 somniatur,

2108 4865 2201 4919 Cum

590 4988 629 5071 r.)
652 4990 810 5052 lienum.
834 4985 899 5049 bili.
923 4983 1012 5047 muse.
1035 4982 1137 5049 frona
1158 4988 1197 5050 11.
1219 5001 1241 5050 t
1263 5003 1288 5063 ς.
1310 4986 1333 5051 f.
1356 4995 1404 5054 26.
1424 4991 1456 5055 b.
1543 4993 1588 5073 a.)
1611 4988 1718 5057 senil.
1738 4991 1834 5081 plant.
1857 5017 1880 5061 ι.
1900 5019 1932 5082 p.
1952 5014 2016 5074 3ος.
2079 5074 2082 5079 y
