4878 6064
518 530 652 585 cxciv
1201 502 1505 585 iza-m

516 743 565 818 fit
596 742 785 824 solitaria,
819 735 966 812 atiamfi
990 735 1175 828 geminus
1200 733 1386 827 embryo,
1420 727 1527 826 quali
1553 747 1627 826 per
1652 724 2039 825 superfoetationem‚
2064 723 2107 794 in
2132 710 2215 793 uno

516 856 801 952 semine'adfit3
827 844 998 960 excepto
1025 859 1107 933 solo
1125 857 1420 955 Menispermo,
1450 849 1563 949 cujus
1589 853 1664 928 scil.
1686 853 1872 925 albume'n
1894 850 2040 947 duplici
2067 848 2215 921 locula-

516 1006 676 1078 mento,
701 1015 848 1090 nempe
867 1012 944 1090 pro
961 986 1112 1080 singula
1124 985 1365 1081 cotyledone
1384 982 1529 1076 figulo,
1555 979 1803 1076 exsculptum
1820 975 1886 1051 est.

613 1177 755 1252 Altera
768 1176 936 1257 cavitas,
962 1194 1054 1267 quae
1068 1163 1349 1245 Localamcn'tam
1360 1165 1518 1266 staurium
1537 1164 1613 1256 est,
1637 1160 1846 1243 rarissime,
1875 1158 1914 1233 δι
1932 1161 1971 1232 in
1984 1166 2069 1232 tota
2083 1154 2216 1233 vastis·

515 1308 610 1381 fima
638 1292 979 1398 Dicotuledonum
1001 1305 1145 1391 gente,
1178 1297 1220 1367 in
1249 1294 1326 1368 sola
1347 1292 1559 1388 Myristica
1583 1289 1785 1371 occurrit,
1818 1306 1949 1378 neque
1971 1287 2088 1358 etiam
2112 1286 2216 1356 inter

514 1426 929 1531 lVlonocotyledones,
956 1421 1058 1505 aliis,
1082 1442 1199 1514 quam
1217 1421 1308 1494 solis
1323 1419 1553 1494 Palmarum
1567 1416 1814 1511 quarundam
1827 1409 2040 1490 senrinibus
2056 1433 2216 1507 compe-

514 1561 574 1632 tit.
625 1554 864 1633 Constanter
885 1552 926 1625 in
947 1547 1077 1630 medio
1101 1547 1300 1622 albumine
1329 1546 1457 1618 locata
1488 1544 1527 1619 b(
1552 1543 1726 1637 undique
1750 1540 1877 1618 clausa
1906 1539 1983 1621 est,
2014 1550 2061 1611 ut
2081 1549 2215 1612 tamen

517 1681 754 1784 quandoque
770 1654 861 1752 cum
877 1676 1147 1758 loculamento
1161 1697 1263 1749 vero
1280 1670 1474 1747 confluat:
1501 1668 1599 1745 ficut
1611 1670 1651 1740 in
1668 1664 1877 1761 Myristica
1889 1674 2008 1759 atque
2023 1663 2214 1741 Lontaro.

516 1808 562 1881 In
581 1805 863 1883 vetustioribus
880 1802 1092 1881 seminibus
1107 1800 1260 1905 semper
1279 1820 1421 1883 vacua,
1446 1803 1488 1869 at
1508 1798 1548 1869 in
1570 1797 1723 1873 recenti
1736 1791 1886 1899 Cocco,
1912 1789 2097 1865 &forsan
2121 1813 2216 1886 quo·

516 1936 650 2029 quein
671 1932 758 2004 aliis
778 1928 949 2011 Palmis,
974 1926 1141 2025 lympha
1163 1927 1266 2001 dulci
1291 1925 1409 2023 plena
1434 1911 1655 2024 reperitur,
1682 1940 1772 2012 quae
1791 1915 1930 1991 senfim
1955 1918 1994 1988 in
2027 1920 2215 1993 acerbum

516 2061 731 2152 degenerat
750 2065 923 2141 acetum,
948 2052 988 2125 ὅ(
1009 2050 1168 2133 demum
1187 2054 1348 2150 penitus
1367 2049 1576 2129 evanescit.
1626 2045 1671 2119 In
1685 2043 1892 2121 nonnullis
1911 2041 2141 2152 ampliffima
2157 2043 2215 2121 est

516 2154 585 2260 ista
607 2186 778 2267 cavitas,
799 2190 847 2255 ut
868 2182 909 2254 in
933 2174 1115 2257 Lontaro
1135 2187 1253 2271 atque
1269 2175 1424 2268 ⁴Cocco,
1448 2176 1549 2249 &in
1575 2173 1640 2248 his
1663 2193 1822 2267 quoque
1847 2170 2032 2248 albumen
2054 2169 2215 2244 crallarn

515 2309 643 2383 refert
672 2306 841 2383 Veficam
858 2304 1080 2388 carnosam3
1107 2304 1170 2378 sed
1193 2307 1231 2376 in
1253 2302 1417 2395 reliquis
1437 2298 1619 2395 angusta,
1644 2299 1683 2375 ὃ(
1704 2299 1772 2373 vel
1788 2296 2005 2392 regularis,
2031 2293 2095 2370 vel
2121 2297 2215 2369 irre·

515 2436 666 2529 gularis
687 2431 1021 2529 deprehenditur:
1049 2431 1102 2502 ita
1119 2450 1264 2527 nempe
1285 2427 1573 2522 subcylindrica
1590 2425 1647 2500 est
1671 2427 1711 2496 in
1733 2422 1945 2521 Corypha,
1970 2421 2151 2498 Caranda
2174 2420 2214 2494 δι

513 2560 753 2658 Hyphaene,
779 2554 996 2654 comprell'a
1022 2564 1269 2649 vernatque
1297 2550 1542 2634 anfrattuosa
1572 2554 1612 2624 in
1634 2548 1804 2632 Elaeide,
1829 2546 2032 2630 Bactride,
2061 2544 2212 2640 Areca,

514 2697 633 2779 atque
648 2680 868 2778 lVlyristica.
916 2681 997 2770 Per
1012 2683 1299 2770 maturitatem,
1327 2682 1366 2751 in
1381 2676 1604 2762 nonnullis,
1631 2675 1863 2771 angustatur
1878 2685 1949 2750 aut
1964 2674 2211 2758 obliteratur,

513 2823 561 2887 ut
588 2816 626 2885 in
649 2811 855 2907 Euterpe;
882 2810 920 2879 in
943 2807 1030 2880 aliis
1056 2816 1190 2890 autem
1210 2807 1342 2879 sulcus
1368 2803 1618 2901 profundus,
1651 2802 1767 2877 dorso
1796 2798 2210 2900 seminisxinscriptus

514 2921 636 3045 hujus'
650 2934 906 3013 loculamenti
922 2919 1051 3010 vicem
1072 2953 1219 3034 gerere
1240 2928 1421 3015 videtur,
1445 2933 1550 3016 utin
1570 2928 1773 3017 Phoenice.

611 3117 679 3194 Ad
699 3126 915 3192 externam
943 3117 1153 3192 albuminis
1174 3116 1359 3193 fabricam
1372 3139 1454 3192 non
1472 3124 1627 3193 tantum
1646 3116 1775 3192 sulcos
1792 3126 1913 3213 atque
1928 3119 2071 3200 rimas,
2098 3113 2209 3190 sed&
2279 3176 2287 3183 .

465 3259 469 3268 '
513 3245 799 3354 profundiores
812 3242 1032 3317 substantiae
1046 3244 1125 3317 suae
1146 3243 1278 3323 hiatus
1294 3253 1411 3337 atque
1434 3243 1645 3321 diviliones
1671 3243 1902 3326 referimus,
1927 3241 2034 3315 unde
2056 3242 2209 3316 diversa

515 3396 539 3447 a
554 3372 738 3453 consueta
761 3371 931 3467 emergit
951 3367 1156 3450 struttura,
1205 3368 1455 3449 Ufibatissima
1471 3380 1615 3469 nempe
1633 3370 1843 3445 albuminis
1860 3368 2004 3447 fabrica
2019 3368 2105 3441 hacc
2128 3368 2207 3452 est,

514 3510 561 3580 ut
576 3507 727 3596 praeter
744 3493 862 3575 modo
878 3492 1226 3589 didascavitates,
1251 3496 1457 3579 substantia
1482 3518 1597 3589 aeque
1618 3518 1664 3571 ac
1686 3494 1892 3593 superficie
1914 3493 2081 3587 gaudeat
2106 3497 2206 3568 inte·

514 3629 705 3729 gerrima,
738 3619 918 3717 aequabili
944 3630 1063 3715 atque
1087 3623 1242 3717 glabra:
1269 3620 1425 3716 quando
1449 3631 1587 3698 autem
1613 3640 1746 3696 nexus
1782 3624 1953 3718 partium
1984 3623 2108 3714 magis
2141 3621 2207 3695 vel

514 3753 646 3824 minus
669 3753 914 3845 interceptus
932 3748 1010 3841 est,
1035 3757 1132 3830 tunc
1146 3751 1316 3842 emergit
1340 3747 1526 3859 albumen
1552 3747 1743 3849 divisum,
1769 3746 1976 3832 sulcatum,
2009 3748 2205 3840 lobatum‚

512 3876 761 3980 grumosum,
792 3875 982 3951 rimosum
1009 3883 1128 3967 atque
1155 3877 1408 3951 ruminatum.

610 4023 797 4122 mulsam,
824 4026 994 4110 induas,
1020 4029 1096 4101 vix
1107 4048 1282 4119 unquam
1301 4028 1442 4125 plures
1463 4030 1598 4123 partes
1611 4028 1749 4124 lponte
1773 4023 1955 4102 dilabitur
1967 4023 2042 4104 'vel
2068 4027 2205 4101 saltem

510 4150 693 4234 dehiscit,
719 4151 925 4248 postquam
945 4153 1102 4224 seminis
1127 4153 1446 4242 integumentum
1469 4155 1670 4226 internum
1685 4151 1986 4229 deuattuniest:
2013 4157 2066 4227 ita
2084 4149 2213 4251 dapar:

513 4277 613 4357 titiam
628 4275 685 4348 est
703 4278 742 4348 in
760 4275 894 4359 Rheo,
919 4275 1162 4372 Fagopyro‚
1188 4274 1453 4360 Brunnichia,
1477 4276 1716 4362 Coccoloba,
1740 4277 2015 4374 Plumbagine,
2041 4278 2202 4352 Petive-

512 4404 588 4493 ria,
614 4423 688 4475 nec
708 4421 789 4473 non
807 4390 847 4472 ln
861 4398 1077 4473 Ceratonia
1097 4400 1135 4475 δι
1151 4399 1253 4486 aliis3
1271 4398 1496 4505 semibistdum
1516 4415 1649 4481 autem
1669 4405 1838 4481 habetur
1853 4406 1893 4477 in
1905 4403 2203 4502 Cynocrambe;

512 4525 551 4605 dt
571 4524 733 4624 sunplici
756 4526 891 4602 saltem
914 4523 1046 4609 fiss'ura
1069 4525 1344 4621 longitudinali
1369 4531 1408 4605 in
1431 4538 1603 4625 utroque
1628 4532 1753 4608 latere
1775 4539 1978 4606 notatum:
2012 4536 2054 4608 in
2077 4529 2203 4609 Callia
2253 4564 2263 4573 ··

511 4647 651 4752 fistulo.
2207 4686 2214 4705 ²

609 4799 810 4888 Sulcatum,
835 4807 953 4878 unico
974 4805 1174 4902 profundo
1191 4803 1293 4881 sulco
1312 4808 1451 4882 dorsali
1466 4810 1627 4883 incisum
1642 4808 1718 4893 est,
1747 4810 1817 4884 vel
1829 4809 1868 4884 ὅ(
1880 4810 2063 4885 laminam
2080 4817 2201 4885 ovato

511 4928 740 5024 oblongam,
778 4932 905 5024 magis
931 4933 997 5006 vel
1016 4935 1151 5008 minus
1175 4930 1352 5017 cratium,
1383 4936 1619 5022 aemulatur,
1654 4929 1767 5030 cujus
1790 4940 1991 5031 margines
2018 4935 2201 5010 laterales

2057 5060 2202 5137 reflexi
