4852 6062
542 497 660 557 xvrn
1240 483 1547 543 m

639 685 819 775 Ceramia,
843 687 926 764 solo
944 688 1080 765 habitu
1103 689 1171 765 suo
1193 688 1425 767 fruticuloso
1437 691 1492 766 -ab
1508 690 1650 775 Ulvis,
1676 689 1718 765 dr
1733 688 1815 767 solo
1831 693 2062 787 genitalium
2079 692 2238 773 ceretto

539 806 721 914 plenario
745 814 911 891 aFucis
939 819 1127 909 genuinis
1153 814 1357 892 differunt.
1431 817 1730 915 Propagantur,
1755 821 1814 892 uti
1835 820 2131 916 praecedentes,
2163 845 2239 921 per

538 942 742 1038 gongylos
761 943 1094 1039 carpomorphos,
1128 946 1195 1037 qui
1216 945 1435 1037 generatim
1448 944 1627 1037 quidem,
1652 943 1841 1038 esingulo
1856 946 2074 1045 superficiei
2092 949 2237 1025 harum

536 1068 719 1166 stirpium
738 1067 885 1166 punito
904 1091 1115 1162 emergere
1133 1067 1312 1166 poliunt,
1332 1072 1401 1164 qui
1419 1081 1550 1144 autem
1568 1070 1670 1166 saepe
1694 1091 1855 1165 quoque
1876 1073 2100 1167 regularem
2123 1077 2161 1147 in
2189 1078 2237 1152 iis

537 1194 826 1284 teneutlituin,
851 1194 891 1268 dr
916 1217 1023 1268 nunc
1047 1198 1086 1268 in
1105 1195 1196 1270 solis
1213 1196 1508 1269 denticulorum
1531 1196 1686 1279 axillis,
1720 1217 1827 1271 nunc
1848 1200 1888 1270 in
1908 1199 2049 1274 mediis
2065 1200 2235 1295 foliolis,

536 1344 643 1396 nunc
665 1324 704 1395 in
722 1322 888 1397 adversa
906 1321 1052 1394 horum
1072 1322 1207 1418 plaga,
1230 1321 1271 1397 δι
1285 1344 1393 1397 nunc
1407 1344 1568 1417 quoque
1584 1323 1624 1397 in
1637 1322 1711 1396 litu
1724 1347 1814 1396 cum
1830 1323 1911 1399 istis
1926 1324 2082 1400 alterno
2095 1327 2233 1424 depre-

535 1447 788 1523 henduntur:
821 1452 880 1521 uti
902 1448 979 1522 hoc
999 1447 1197 1544 posterius
1217 1455 1257 1521 in
1275 1446 1464 1524 Ceramio
1477 1446 1635 1548 plancso
1655 1447 1733 1547 (r.)
1752 1450 1891 1525 videre
1915 1449 1993 1535 est,
2025 1448 2139 1546 cujus
2154 1453 2232 1530 scil.

534 1577 670 1672 pinuae
693 1571 866 1670 majores
893 1574 1064 1660 steriles,
1090 1598 1181 1649 cum
1200 1576 1421 1651 minoribus
1443 1574 1709 1669 globuliferis,
1734 1576 1889 1675 semper
1908 1578 2132 1654 alternatim
2161 1603 2231 1679 po·

535 1700 619 1775 litae
637 1702 738 1775 sunt
787 1699 880 1775 Non
905 1705 1036 1794 itaque
1054 1704 1221 1784 mirum,
1246 1700 1415 1795 quod&
1433 1702 1619 1775 omnibus
1636 1702 1750 1777 hisce
1773 1703 1962 1796 globulis,
1987 1705 2101 1780 locus
2125 1708 2231 1782 inter

535 1852 660 1905 veros
676 1825 830 1902 liutius
846 1831 1077 1920 contigerit,
1105 1851 1195 1900 cum
1211 1827 1251 1902 dt
1264 1828 1424 1924 insuper
1435 1827 1698 1911 consistentia,
1723 1829 1854 1923 figura
1865 1839 1986 1923 atque
1999 1832 2230 1929 ipsocclore

534 1956 623 2041 suo,
648 1956 767 2053 supra
778 1952 891 2028 ditiis
903 1953 1200 2030 Conseruarum
1213 1955 1406 2049 gongylis
1424 1953 1605 2028 simillimi
1622 1955 1709 2028 fint.
1758 1952 1819 2029 At
1836 1954 1945 2028 sicuti
1968 1958 2044 2031 laos
2058 1971 2229 2035 externa
2284 2054 2287 2059 ⁴

533 2080 600 2156 sua
621 2082 751 2155 forma
778 2105 834 2154 ex
855 2080 930 2156 alfe
959 2081 1220 2164 aemulantum
1260 2083 1313 2152 ita
1343 2102 1504 2174 quoque
1523 2091 1616 2154 ortu
1645 2081 1686 2155 δι
1714 2079 1956 2177 feneratione
1978 2084 2043 2156 sua
2063 2107 2154 2160 cum
2180 2089 2230 2162 iis

532 2210 651 2307 plane
667 2217 913 2301 congruunt:
939 2229 1052 2290 nam,
1077 2215 1125 2279 ut
1144 2208 1183 2278 in
1195 2229 1294 2280 mox
1309 2205 1429 2279 allato
1441 2204 1533 2280 Cer.
1551 2203 1705 2305 plumoso
1727 2229 1835 2280 nunc
1853 2230 2105 2293 maneamus,
2130 2212 2229 2286 nihil

531 2336 783 2430 frequentius
793 2334 869 2419 est,
892 2342 1013 2427 quam
1029 2320 1165 2405 inuno
1181 2333 1401 2425 eodemque
1416 2327 1504 2427 ejus
1513 2332 1743 2429 specimine,
1767 2334 1865 2408 alias
1878 2335 2016 2410 videre
2030 2337 2228 2434 pinnulas,

532 2482 623 2556 quae
639 2463 788 2538 leviter
817 2464 858 2535 in
880 2456 1007 2534 medio
1028 2468 1255 2533 tumescere
1277 2460 1484 2556 incipiant;
1507 2457 1605 2533 alias
1625 2468 1758 2533 autem
1792 2465 2019 2558 proximas,
2056 2486 2228 2557 quarum

530 2588 661 2662 forma
678 2612 701 2662 a
717 2596 979 2681 turgescente
998 2584 1169 2658 medulla
1184 2580 1266 2678 jam
1286 2583 1334 2658 sit
1355 2585 1598 2678 aliquantum
1614 2585 1856 2682 depravata,
1879 2590 2028 2663 iterum
2047 2590 2160 2673 alias,
2186 2591 2228 2663 in

530 2716 673 2808 quibus
686 2715 876 2808 grandior
890 2710 1015 2786 {bitus
1028 2710 1202 2784 noduius
1216 2712 1406 2808 pleraque
1417 2710 1614 2786 deleverit
1628 2709 1761 2784 foliola
1773 2712 1968 2797 lateralim
1990 2713 2033 2789 dr
2050 2714 2230 2810 denique

529 2843 649 2923 iales,
683 2860 777 2934 quae
799 2848 900 2912 totae
926 2840 966 2911 in
998 2838 1203 2931 globulum
1236 2846 1367 2910 atrum
1397 2838 1607 2912 converlbe
1631 2835 1725 2922 lint,
1764 2841 2065 2915 remanentibus
2088 2842 2229 2916 saltem

529 2966 707 3065 pinnulae
722 2965 872 3063 peticio
893 2960 1096 3037 &foliolis
1112 2961 1268 3037 duobus
1287 2963 1453 3046 infimis,
1476 2966 1662 3059 utrisque
1676 2966 1892 3039 coccineis:
1915 2964 2023 3040 unde
2044 2966 2229 3041 luculem

528 3103 632 3176 tum,
654 3091 762 3186 quod
783 3099 869 3164 tota
894 3087 1057 3164 istorum
1080 3089 1335 3183 globulorum
1357 3086 1567 3173 formatio,
1591 3090 1663 3165 soli
1688 3089 1877 3163 debeatur
1903 3094 2164 3186 vegetationi,
2183 3093 2228 3168 lit

528 3218 635 3314 quod
648 3217 738 3317 ipli,
763 3218 864 3291 nihil
888 3214 992 3290 aliud
1014 3213 1093 3290 else
1112 3225 1278 3309 queant,
1305 3237 1422 3310 quam
1439 3215 1635 3312 simplices
1658 3214 1854 3289 duntaxat
1873 3236 2054 3310 getnmae,
2103 3219 2231 3294 Utut-

527 3358 660 3420 autem
680 3345 767 3418 haec
780 3344 898 3417 dubio
913 3328 1076 3415 careant
1088 3345 1218 3425 omni,
1248 3342 1366 3439 plene
1385 3350 1518 3415 tamen
1530 3361 1603 3414 eos
1621 3340 1748 3414 forsan
1771 3363 1852 3415 non
1868 3346 2128 3429 convincent,
2157 3349 2227 3440 qui

528 3474 568 3545 in
592 3467 857 3568 Fucosarcm
880 3467 919 3542 δι
941 3468 1045 3562 aliis,
1069 3467 1270 3541 frondium
1290 3469 1570 3543 extremitates
1591 3467 1631 3538 in
1650 3488 1773 3542 veros
1795 3465 1950 3544 frustus
1970 3479 2225 3565 turgescere,

526 3597 565 3673 dr
584 3616 723 3672 ornnes
742 3597 794 3668 lbi
812 3596 1032 3669 ferranicae
1047 3593 1349 3691 perindedeleri
1363 3592 1549 3667 viderint.
1600 3586 1822 3667 Scrutanda
1839 3582 1962 3688 igitur
1978 3599 2058 3673 erit
2081 3597 2223 3692 globu-

526 3726 659 3799 lorum
697 3723 842 3798 fabrica
874 3723 1003 3795 iterna
1041 3732 1159 3813 atque
1195 3717 1402 3801 evolutio,
1442 3716 1663 3817 praesertim
1697 3722 1735 3792 in
1775 3722 1966 3816 gongylis
2005 3725 2223 3799 maturitati

526 3852 727 3951 proximis
765 3848 805 3922 dt
841 3845 1114 3929 obefrcribus,
1155 3847 1297 3940 quales
1336 3847 1375 3917 in
1415 3843 1509 3924 Cer,
1550 3842 1803 3957 cartilaginea,
1843 3843 2058 3941 smcrflaic,
2096 3860 2225 3937 aureo,

526 3974 691 4070 aliisque
732 3962 968 4068 foeqrienter
1002 3954 1293 4070 reperiuntur,
1337 3968 1367 4042 fi
1398 3970 1447 4044 de
1484 3992 1582 4045 vera
1620 3972 1876 4075 globulorum
1912 3983 2059 4047 tratum
2092 3974 2135 4049 dr
2171 3976 2228 4050 de¹

528 4103 607 4204 ipso
641 4102 863 4200 plantarum
894 4098 1056 4173 istarum
1091 4118 1242 4190 genere
1280 4097 1380 4169 certi
1419 4092 1493 4170 else
1524 4098 1716 4170 velimus:
1765 4118 1856 4172 nam
1894 4100 2000 4173 inter
2036 4098 2222 4178 Ceramia

524 4244 643 4325 atque
673 4226 831 4310 sucos,
862 4246 948 4299 non
986 4222 1060 4297 alia
1095 4233 1227 4307 certa,
1261 4231 1417 4322 praeter
1450 4212 1790 4306 fructificationes,
1830 4222 1953 4299 datur
1976 4227 2229 4304 discriminis

525 4367 630 4432 nota.
708 4352 757 4427 ln
792 4352 982 4426 omnibus
1017 4360 1151 4424 antem
1189 4347 1271 4422 iltis
1310 4348 1484 4442 globulis
1526 4348 1775 4423 substantiam
1809 4352 2007 4425 internam
2051 4356 2230 4451 prorsus·

524 4482 724 4558 sactiolam
742 4479 782 4554 dc
800 4479 1039 4552 uniformem
1065 4478 1332 4574 reperiemus,
1357 4473 1505 4568 absque
1525 4474 1609 4547 uilo
1631 4475 1744 4549 ovuli
1766 4486 1835 4549 aut
1857 4478 2017 4553 seminis
2035 4478 2218 4575 vestigio,

523 4615 562 4689 δι
587 4614 651 4715 ribi
684 4609 923 4681 maturiores
955 4602 1128 4685 metim,
1162 4600 1405 4683 videbimus,
1441 4599 1549 4694 quod
1578 4601 1622 4674 in
1658 4602 1812 4675 vertice
1847 4600 1918 4677 suo
1952 4608 2078 4681 variis
2100 4610 2218 4683 nmis

525 4736 628 4816 incili
664 4735 756 4817 fint,
783 4756 829 4807 ac
859 4741 1004 4806 cortex
1035 4731 1086 4803 ibi
1117 4727 1364 4822 aliquantum
1394 4725 1593 4812 dehiscat,
1628 4727 1706 4827 ipsa
1734 4748 1843 4803 vero
1869 4744 2058 4827 apertura
2089 4734 2215 4807 minu·

2063 4855 2217 4935 titfrniis

586 4988 626 5070 1.)
648 4981 728 5051 Flor.
751 4981 819 5043 dan.
842 4992 862 5043 t.
886 4996 948 5053 350.
969 4977 1082 5059 absque
1101 4972 1217 5037 frustis.
