4852 6062
893 530 1196 584 m
1777 589 1781 597 ³
1811 542 1894 597 m

194 738 295 812 lium
309 743 503 838 apparatu
514 735 737 820 recondita,
758 732 1089 811 numerofillimas
1106 756 1266 829 quoque
1283 733 1433 832 promit
1445 753 1643 828 gemmas,
1671 734 1777 808 intra
1789 731 1897 809 fron·

197 865 306 940 dium
327 863 543 962 scyphulos
559 866 708 957 quovis
724 864 818 935 anni
835 870 1017 958 tempore
1037 861 1165 960 palam
1187 871 1408 937 nascentes.
1459 857 1709 954 Systematici
1730 858 1896 958 scripto·

198 1012 286 1074 res,
308 989 397 1089 post
417 989 685 1063 Mrcuerruu
707 988 771 1082 (1.)
787 986 874 1063 sere
892 1008 1035 1061 omnes
1052 987 1151 1060 nihil
1166 987 1395 1061 dubitarunt
1415 1008 1593 1081 gemmas
1609 987 1695 1060 illas
1715 990 1754 1060 in
1775 1011 1898 1064 vero-

198 1139 290 1190 rum
316 1118 508 1189 seminum
536 1136 748 1188 numerum
769 1116 968 1211 recipere3
994 1113 1058 1187 sed
1079 1113 1320 1189 Humerus
1341 1111 1439 1210 (2.)
1468 1134 1608 1188 veram
1628 1135 1765 1186 earum
1790 1113 1900 1189 indo·

197 1241 274 1317 lem
291 1244 449 1339 primus
468 1244 543 1316 rite
559 1240 780 1338 perspexit,
804 1249 923 1334 atque
936 1238 1150 1336 scyphulos
1167 1262 1256 1311 cum
1270 1261 1518 1334 gemmarum
1542 1239 1770 1334 involucro,
1797 1239 1900 1338 ipsas

197 1378 336 1442 autem
365 1364 584 1441 brasteolas
612 1388 703 1438 cum
731 1365 887 1438 illarum
917 1361 1062 1437 foliolis
1090 1365 1265 1440 novellis
1292 1367 1557 1462 comparavit;
1593 1363 1634 1439 δι
1657 1363 1707 1438 frc
1736 1388 1899 1460 quoque

198 1495 315 1569 brevi
348 1492 438 1591 post
477 1462 778 1566 Seriumumus
806 1487 886 1587 (3.)
917 1490 1127 1599 uulgarem
1167 1513 1348 1565 errorem
1381 1490 1568 1574 deseruit,
1590 1491 1779 1588 [ipsasque
1809 1490 1898 1567 illas

199 1616 461 1693 brafteolatas
480 1621 723 1716 propagines
743 1640 766 1691 e
795 1617 986 1690 seminum
1015 1636 1138 1708 grege
1158 1619 1330 1699 exemit,
1356 1613 1750 1710 absolutislimamque
1771 1618 1820 1692 de
1848 1620 1900 1693 iis

200 1744 366 1818 tradens
390 1742 610 1827 historiam,
643 1764 711 1817 eas
737 1744 836 1817 vivos
856 1741 932 1815 else
951 1739 1079 1836 fotus,
1112 1742 1271 1817 censuit
1337 1739 1509 1816 Perinde
1535 1742 1610 1827 est,
1633 1743 1901 1837 quodcunque

200 1891 350 1944 nomen
377 1868 530 1953 ferant,
561 1868 774 1943 dummodo
798 1890 882 1941 non
914 1868 1045 1941 inscite
1077 1890 1169 1942 cum
1193 1868 1305 1943 veris
1340 1867 1636 1942 confundantur
1668 1869 1901 1945 seminibus:

201 1998 392 2091 quoniam
411 2006 544 2069 autem
567 1995 676 2070 vivae
696 1994 823 2093 proli,
848 1995 995 2089 absque
1021 1994 1252 2088 genitalium
1274 1995 1448 2091 partium
1471 1994 1709 2080 ministerio,
1735 1995 1902 2094 praeser-

203 2125 274 2197 tim
290 2123 332 2194 in
348 2121 560 2214 vegetabili
575 2143 746 2218 corpore
760 2132 907 2211 enatae,
932 2142 1013 2193 non
1031 2122 1181 2217 aptius,
1206 2141 1324 2213 quam
1339 2141 1510 2213 gemmae
1527 2119 1612 2193 dari
1627 2143 1774 2195 nomen
1794 2119 1904 2219 poss'e

202 2247 411 2329 videatur,
437 2245 509 2320 nifi
523 2246 679 2341 quidem
696 2248 857 2320 nomina
876 2255 1028 2343 praeter
1044 2242 1306 2321 necessitatem
1326 2244 1585 2342 multiplicare
1605 2247 1785 2330 libuerit;
1813 2247 1903 2353 ideo

204 2395 368 2469 quoque
393 2372 534 2447 tritum
556 2371 595 2447 ἃ
611 2374 840 2466 genericum
864 2393 1034 2465 gemmae
1051 2393 1200 2446 nomen
1220 2378 1333 2444 tanto
1353 2370 1555 2446 lubentius
1580 2372 1801 2449 sobolistris
1825 2374 1904 2449 illis

205 2490 747 2598 corpusculis'impertimus,
785 2506 935 2591 quanto
953 2496 1113 2592 quidem
1134 2496 1359 2573 evidentius
1380 2518 1523 2571 omnes
1548 2497 1711 2574 sincerae
1732 2521 1905 2594 gemmae

205 2635 315 2701 notae
342 2624 562 2701 essentiales
581 2624 621 2695 in
641 2624 691 2698 iis
714 2623 1090 2721 deprehenduntur,
1131 2630 1179 2695 ut
1197 2644 1293 2719 ‘prae
1317 2623 1481 2717 reliquis
1504 2627 1689 2700 omnibus
1712 2625 1905 2723 exemplo

207 2751 404 2826 inservire
429 2759 595 2844 queant,
633 2750 791 2842 quando
816 2746 1031 2824 distindlam
1052 2756 1186 2831 ortus,
1227 2745 1480 2823 formationis
1509 2759 1628 2845 atque
1656 2752 1905 2829 evolutionis

206 2897 456 2973 gemmarum
479 2870 759 2974 simpliciorum
783 2876 901 2949 nobis
919 2896 1152 2973 comparare
1173 2873 1344 2951 velimus
1368 2874 1508 2950 ideam.

306 3086 544 3180 Antioceros,
580 3087 647 3162 fua
664 3090 702 3161 iu
727 3088 895 3191 capsulis
917 3088 1105 3163 subulatis
1130 3109 1229 3164 vera
1249 3087 1368 3162 habet
1389 3088 1554 3173 semina,
1583 3088 1623 3165 dt
1649 3090 1908 3190 praeteriisse,

206 3213 415 3309 segregata
428 3235 587 3307 quoque
603 3215 768 3308 granula
784 3219 823 3288 in
842 3213 1058 3313 scyphuliS,
1083 3213 1295 3289 frondibus
1315 3213 1529 3312 inscriptis,
1556 3215 1667 3290 ficuti
1689 3216 1909 3291 Marchad-

208 3343 281 3425 tia,
308 3338 479 3438 profert.
527 3338 651 3413 Hisce
672 3342 849 3435 granulis
873 3343 1040 3436 contigit
1063 3341 1158 3413 olim
1179 3342 1284 3412 inter
1298 3338 1442 3412 semina
1465 3362 1564 3416 vcra
1585 3339 1671 3440 (4.)
1694 3364 1907 3440 perperam

201 3465 384 3548 referri3
409 3487 516 3537 nunc
528 3475 662 3539 autem
675 3460 697 3540 a
712 3467 920 3541 nonnullis
937 3469 1005 3560 (¹.)
1023 3489 1098 3564 pro
1113 3467 1294 3540 antheris
1311 3466 1583 3544 venditantur,
1609 3471 1700 3562 quia
1721 3468 1910 3543 novellas

209 3592 370 3690 plantas
385 3613 440 3664 ex
455 3593 501 3665 iis
521 3591 684 3689 prodire
703 3588 893 3666 hactenus
906 3614 988 3666 non
1012 3591 1216 3668 viderunt.
1262 3588 1323 3665 At
1345 3593 1548 3686 quomodo
1571 3594 1657 3667 haec
1670 3593 1912 3691 corpuscula

209 3740 327 3794 verae
347 3714 501 3790 suermt
521 3717 724 3791 antherae:
759 3730 952 3812 quaeram
979 3720 1092 3793 vario
1121 3719 1287 3810 vigeant
1311 3708 1514 3816 tempore,
1545 3730 1592 3793 ut
1612 3719 1910 3795 corniculorum

210 3843 483 3918 femineorum
498 3854 764 3940 proventum,
796 3845 877 3941 ipso
895 3843 1097 3917 referente
1116 3839 1390 3916 Senumanm
1413 3846 1478 3937 (6)
1495 3845 1639 3941 saepius
1664 3844 1913 3943 praecedant,

211 3992 305 4065 quae
331 3992 408 4042 nec
427 3969 588 4066 pollinis
606 3994 679 4045 nec
698 3970 903 4067 spermatis
929 3968 1056 4042 ullum
1075 3971 1306 4042 contineant
1330 3968 1541 4062 vestigium
1562 3970 1605 4044 u
1622 3972 1765 4064 quibus
1781 3973 1915 4064 itaque

211 4093 297 4170 five
318 4098 359 4166 in
381 4093 537 4180 eadem,
563 4094 648 4172 five
671 4099 710 4169 in
729 4095 880 4169 diversa
901 4094 1021 4193 stirpe
1038 4095 1303 4169 habitantibus
1319 4116 1437 4168 omne
1457 4118 1546 4169 curn
1568 4095 1726 4171 seminis
1745 4096 1917 4189 denega,

214 4217 685 4306 tumsitcommerciu1113
712 4246 758 4294 ac
774 4222 943 4314 denique
960 4222 1102 4305 etiam,
1125 4242 1215 4313 quae
1237 4223 1276 4293 in
1300 4218 1537 4296 Anthocero
1560 4218 1659 4314 luri,
1684 4222 1848 4321 saepius,
1873 4221 1914 4297 dt

215 4342 460 4447 inmusiifido,
484 4345 708 4422 constanter
721 4343 934 4422 deficiant?
972 4343 1313 4442 Quemadmodum
1335 4349 1455 4441 igitur
1470 4347 1556 4423 haec
1572 4351 1726 4434 omnia,
1749 4370 1917 4447 corpus·

1802 4475 1916 4547 cnlo-

260 4631 308 4699 ι.)
328 4627 579 4708 Gen.uov.p.1.t
593 4645 618 4687 r.
631 4626 736 4686 ΙᾸΝΝ.
748 4645 815 4705 geu.
825 4637 901 4701 1198.
912 4628 1047 4692 Anulw.
1125 4633 1171 4703 4.)
1188 4628 1415 4709 Misagemp.
1431 4647 1476 4688 10.
1496 4630 1591 4690 Dru.
1605 4648 1697 4689 muro
1711 4641 1781 4703 475.
1806 4628 1915 4688 [Μ.

348 4735 423 4801 sam.
437 4758 464 4800 a
482 4760 510 4823 p.
526 4759 572 4816 ¹4·
1211 4762 1279 4820 geu.
1296 4760 1376 4803 taor.
1405 4745 1540 4804 Annus.
1561 4739 1633 4802 saun
1653 4760 1725 4824 apa
1744 4756 1786 4815 ις,

262 4882 307 4961 r.)
330 4884 439 4942 Eoum.
460 4880 540 4963 disp
569 4876 649 4942 belr.
671 4900 701 4964 p.
725 4896 791 4962 ιη.
1127 4891 1175 4959 5.)
1195 4886 1389 4945 scumnsu.
1403 4880 1520 4955 analys.
1539 4898 1690 4968 p.71.73.

268 5021 311 5101 a.)
332 5018 452 5094 Analur.
474 5040 504 5106 p.
528 5041 571 5097 ⁴¹·
594 5016 622 5104 s.
640 5039 674 5096 9.
1132 5025 1180 5108 6.)
1200 5020 1228 5111 Ι..
1241 5045 1268 5087 c.
1279 5045 1309 5110 p.
1321 5018 1409 5107 aas
1425 5044 1457 5089 2.
