4852 6062
547 520 646 587 xxx
1318 518 1625 601 agg

532 740 680 836 ,lentus
700 736 740 812 ἃ
765 732 1135 837 praetermeantis,
1182 728 1247 806 sed
1265 729 1373 828 quod
1391 731 1470 830 ipsa
1495 735 1614 807 etiam
1638 725 1788 808 fovilla
1807 729 1908 806 nihil
1929 730 2034 806 aliud
2054 731 2131 808 else
2154 733 2235 831 pos·
2271 768 2273 772 ·

543 864 609 949 si't,
642 885 760 958 quam
777 864 938 936 brutum
960 856 1001 932 &
1019 857 1304 951 heterogeness
1321 858 1528 955 particulis
1542 857 1764 933 remixtum
1786 855 1958 954 sperma,
1993 858 2101 953 quod
2121 862 2234 958 prius

543 988 795 1067 maturari&
813 1010 887 1085 per
900 982 1082 1059 dudtulos
1097 959 1259 1083 pollinis
1279 985 1536 1057 excretorios
1552 983 1696 1059 filtrarl
1711 983 1859 1082 debeat,
1884 994 2095 1079 antequam
2115 984 2234 1059 ullius

544 1117 638 1191 usias
656 1117 698 1188 in
716 1113 1026 1188 foecundationis
1049 1098 1212 1205 negotio
1233 1108 1309 1187 esse
1325 1104 1452 1208 possit

640 1326 798 1408 Verum
830 1308 939 1404 enim
977 1326 1016 1398 in
1049 1323 1197 1422 plantis
1217 1321 1361 1422 sperma
1390 1318 1602 1419 masculam„
1633 1316 1748 1396 ‘rene
1775 1319 1941 1396 docente
1965 1317 2235 1395 Komen-

544 1477 697 1540 raao,
741 1454 877 1529 tenuis
900 1451 942 1528 dc
968 1449 1215 1551 phlogisticae
1239 1448 1383 1523 indolis
1407 1447 1538 1541 liquor
1565 1445 1646 1539 est,
1693 1447 1874 1542 quicum
1899 1444 2235 1520 terebinthinaceo

541 1581 734 1677 stigmatis
753 1576 968 1673 liquore&
986 1598 1079 1652 cum
1106 1576 1216 1650 omni
1236 1570 1366 1649 oleosa
1384 1571 1592 1649 substantia
1604 1571 1717 1663 sacile
1734 1595 1779 1646 ac
1800 1572 1936 1647 intime
1953 1572 2144 1644 miscetur
2165 1567 2237 1667 (r),

542 1707 731 1802 suamque
753 1703 1073 1779 inflammabilem
1096 1709 1297 1783 naturam,
1338 1698 1405 1772 vel
1429 1720 1502 1795 per
1526 1697 1646 1803 ipsam
1673 1697 1956 1773 metallicarum
1985 1697 2151 1772 calcium
2173 1720 2236 1772 re-

543 1829 769 1909 dudtionem
794 1831 863 1924 (a)
888 1837 1026 1927 aperte
1047 1826 1240 1908 declarat;
1272 1832 1412 1898 contra
1426 1834 1560 1899 autem
1586 1844 1728 1918 aquam
1744 1821 1969 1905 aversatur,
1995 1843 2070 1895 nec
2090 1823 2129 1898 sc
2150 1847 2238 1899 cum

542 1980 590 2035 ea
610 1958 771 2033 misceri
791 1956 951 2054 patitur.
1000 1952 1046 2027 In
1067 1951 1249 2027 antheris
1266 1948 1415 2031 solidis,
1445 1950 1492 2022 ab
1519 1948 1597 2047 ipsa
1613 1969 1751 2023 earum
1777 1945 1984 2021 substantia
2003 1958 2238 2040 generatur:

541 2092 590 2161 ut
621 2085 661 2158 in
681 2079 905 2181 Apocyno,
937 2075 1177 2175 Cynancho,
1210 2072 1508 2172 Asclepiade&
1531 2070 1742 2149 Orchideis
1760 2074 1982 2167 nonnullis,
2031 2074 2071 2146 in
2095 2075 2241 2169 quibus

541 2209 706 2310 pollinis
736 2228 820 2282 non
843 2206 960 2281 datur
995 2202 1208 2297 vestigium
1233 2200 1382 2285 ullum;
1433 2199 1473 2272 in
1488 2198 1664 2307 ,reliquis
1696 2222 1800 2276 vero
1820 2199 2013 2292 {antheris
2036 2201 2240 2295 omnibus,

541 2334 698 2433 sperma
718 2335 823 2407 intra
841 2330 965 2405 solum
988 2327 1121 2428 pollen
1144 2323 1287 2402 residet
1306 2321 1346 2400 δι
1361 2324 1409 2401 ab
1426 2323 1504 2400 hoe
1521 2346 1681 2420 quoque
1696 2327 1778 2400 solo
1800 2326 2030 2401 elaboratur
2051 2324 2094 2399 δι
2111 2323 2240 2401 custo-

542 2458 671 2544 ditur,
706 2458 833 2533 donec
852 2478 943 2529 cum
969 2453 1051 2551 ipso
1075 2455 1114 2525 in
1141 2450 1358 2526 femineum
1384 2448 1588 2525 deseratur
1613 2449 1761 2544 stigma.
1818 2447 2013 2545 Orginem
2035 2449 2165 2537 suam,
2196 2461 2242 2527 ut

540 2585 661 2662 modo
686 2584 886 2674 diximuS,
911 2601 934 2656 e
953 2600 1113 2652 ceracea
1134 2574 1341 2651 substantia
1356 2575 1501 2659 trahit,
1525 2584 1569 2650 et
1585 2598 1609 2650 a
1628 2571 1739 2651 Solis
1750 2572 1992 2675 potissimum
2011 2574 2147 2651 calore
2167 2599 2240 2651 ex·

540 2712 730 2804 coquitur
740 2718 784 2785 et
804 2712 1048 2786 maturatur,
1073 2723 1166 2776 nam
1180 2699 1324 2797 frigida
1341 2704 1517 2801 parcius,
1543 2723 1662 2796 quam
1678 2701 1799 2777 calida
1818 2700 2051 2799 tempestate
2068 2703 2241 2802 prostata

540 2833 787 2910 elaboratum
817 2853 921 2910 vero
940 2838 984 2904 et
1001 2823 1255 2922 liquesastum
1276 2849 1299 2899 a
1323 2824 1617 2905 contrastilibus
1642 2825 1816 2902 cellulofi
1851 2836 2071 2902 contextus
2107 2830 2239 2914 libris,

540 2961 581 3034 in
599 2959 854 3034 excretorios
869 2950 1053 3065 dustulos
1070 2960 1242 3047 urgetur
1259 2963 1302 3027 et
1318 2951 1479 3056 demerge
1501 2976 1556 3027 ex
1577 2974 1721 3027 eorum
1739 2953 1909 3038 ostiolis,
1944 2956 2152 3048 nunquam
2168 2957 2241 3030 im-

539 3085 725 3186 petuoso,
759 3081 825 3160 sed
838 3078 919 3155 leni
938 3077 1092 3177 semper
1111 3086 1153 3153 et
1177 3078 1329 3175 placido
1348 3077 1465 3153 sluxu
1486 3077 1629 3177 prodit
1679 3076 1724 3153 Id
1744 3077 1889 3176 duplici
1914 3078 2033 3153 modo
2054 3079 2241 3156 facillime

539 3211 717 3309 experiri
733 3209 842 3283 licet:
868 3226 972 3301 quan
1006 3176 1014 3209 ”
1043 3226 1189 3303 nempe
1214 3200 1364 3300 majora
1385 3203 1566 3299 quaedam
1586 3200 1747 3301 pollinis
1764 3205 1946 3298 granula,
1988 3205 2120 3298 qualia
2138 3204 2241 3281 Mal.

540 3356 757 3414 vaccarum
775 3334 883 3416 sunt,
908 3204 1074 3530 uigente
1096 3330 1202 3415 sole,
1226 3328 1362 3405 rorido
1380 3330 1548 3425 stigmati
1564 3330 1827 3426 imponimus3
1852 3341 1921 3404 aut
1935 3328 2094 3424 quando
2113 3329 2179 3406 illa
2201 3333 2241 3405 in

540 3462 674 3539 oleum
697 3456 893 3555 quoddam
911 3459 922 3529 i
966 3457 1185 3550 mergimus
1202 3453 1450 3555 expressum:
1487 3456 1526 3527 in
1543 3455 1672 3552 priori
1691 3454 1795 3538 casu,
1827 3456 1994 3549 granula
2008 3455 2122 3533 lente
2142 3479 2238 3534 eva·

539 3588 650 3661 cuari
669 3593 712 3659 et
732 3576 1012 3677 integerrimas
1034 3580 1140 3663 suas,
1169 3579 1233 3655 sed
1258 3602 1366 3654 nunc
1390 3588 1644 3673 carrugatas,
1683 3578 1777 3679 post
1797 3580 1835 3657 se
1860 3581 2060 3676 reliquere
2080 3585 2239 3658 tunicas

538 3711 632 3811 (3.)
656 3710 905 3791 videbimusr
932 3707 971 3779 in
987 3705 1114 3785 altero
1130 3728 1254 3787 vero,
1280 3701 1555 3780 distrnuiffime
1573 3726 1804 3793 cernemus,
1827 3708 2030 3803 quomodo
2045 3712 2186 3786 tenuis
2200 3717 2243 3784 et

536 3836 726 3935 limpidus
744 3834 952 3944 spermatis
966 3831 1099 3927 liquor
1115 3856 1139 3908 e
1157 3828 1326 3905 dustulis
1342 3830 1582 3907 excretoriis
1595 3829 1676 3904 leni
1696 3829 1863 3907 flumine
1885 3833 2071 3931 prodeat,
2099 3844 2144 3909 et
2161 3835 2240 3934 pri·

537 3987 607 4038 mo
622 3961 800 4057 quidem,
829 3952 1004 4032 distinstal
1019 3957 1124 4033 undd
1142 3960 1247 4033 intra
1266 3960 1400 4033 oleum
1416 3966 1544 4040 natet,
1570 3979 1669 4030 mox
1681 3967 1815 4031 autem
1829 3957 1964 4058 postea
1980 3960 2080 4035 adeo
2100 3963 2241 4034 intime

537 4107 630 4160 cum
651 4086 729 4159 hoc
752 4086 988 4167 misceatur,
1034 4092 1082 4158 ut
1108 4087 1213 4158 inter
1237 4086 1448 4178 utriusque
1479 4082 1648 4176 liquoris
1673 4082 1853 4158 colorem
1881 4095 1924 4160 et
1947 4085 2242 4163 consistentiam

445 4312 452 4320 -
536 4209 689 4287 nullum
705 4208 873 4308 amplius
890 4206 1058 4305 supersit
1072 4208 1295 4290 discrimen,
1321 4232 1366 4282 ac
1382 4229 1506 4281 irrerae
1516 4204 2072 4305 pollinisremaneanttunicae
2086 4215 2242 4305 inanes,

537 4345 839 4434 transparentes
854 4345 895 4408 et
906 4335 1185 4426 integerrimae.
1226 4330 1311 4416 Sic,
1324 4332 1373 4407 de
1383 4330 1597 4427 tranquilla
1613 4341 1657 4406 et
1668 4314 1838 4410 naturali
1853 4335 1961 4412 istius
1977 4337 2151 4433 liquoris
2165 4360 2241 4412 ex·
2348 4367 2355 4385 ν

538 4464 734 4545 cretione,
767 4461 886 4558 plene
905 4455 1096 4545 convisti,
1135 4458 1236 4533 sacili
1251 4481 1413 4554 quoque
1430 4479 1572 4556 opera,
1598 4456 1648 4533 de
1667 4459 1848 4557 prolifica
1869 4456 1958 4557 ejus
1976 4464 2133 4537 virtute
2153 4484 2241 4540 cer·
2279 4437 2285 4449 ⁸

536 4585 665 4663 tissimi
691 4587 780 4663 fieri
802 4583 1016 4686 possumus.
1040 4610 1044 4617 ’
1065 4582 1288 4679 Inungatnr
1306 4606 1451 4683 nempe
1476 4583 1616 4678 stigma
1636 4583 1727 4659 oleo
1746 4584 1917 4679 quodam
1938 4585 2149 4685 expresso,
2184 4587 2242 4664 el·

1797 4720 1801 4730 '
2064 4711 2243 4809 demque

583 4877 628 4965 ιζ)
650 4874 1243 4963 sonantumvorlauffig.Narhrp.7.
1262 4878 1375 4941 zwelte
1447 4879 1495 4959 3.)
1518 4878 1610 4939 snam
1632 4877 1731 4941 Drine
1746 4874 1876 4974 Fortsea.
1889 4898 1920 4964 p.
1935 4894 1995 4955 154„
2022 4881 2139 4943 zweite
2155 4884 2241 4945 Fors·

652 4990 782 5058 Fonsez.
800 5013 830 5075 p.
843 5003 912 5067 94¹
1512 4988 1570 5057 sea.
1591 5012 1622 5075 p·
1639 5010 1689 5066 920
1709 5008 1756 5066 933

578 5116 622 5179 ι.)
645 5113 758 5170 susm
783 5107 896 5205 Zweite
910 5102 1039 5168 Forrsez.
1060 5102 1173 5189 prefer.
1193 5127 1223 5192 p.
1246 5121 1272 5179 5.
