4852 6062
513 513 583 568 111
1220 493 1522 548 a

511 703 819 783 rumseminulis
834 700 899 802 (ι)
917 698 1094 778 libera&
1108 699 1283 796 undique
1302 698 1430 776 soluta
1448 698 1667 799 procedere
1681 698 1948 792 solett'q'uare
1963 697 2087 776 libera
2106 700 2216 801 ejus.¹

513 834 621 910 modi
635 829 806 908 radicula
825 833 930 904 inter
950 829 1123 904 certiora
1136 829 1295 903 seminis
1310 830 1401 904 veri
1419 827 1526 922 signa
1537 826 1772 921 diagnostica
1787 834 1877 900 tuto
1892 827 2039 902 reserri
2051 834 2214 928 poterit

514 956 653 1058 Scapi,
690 960 753 1033 seu
784 957 903 1056 ipsius
930 956 1113 1052 corporis
1138 977 1308 1048 gemmae
1335 954 1539 1046 evolutio,
1581 954 1618 1027 id
1640 956 1860 1046 generatim
1891 959 2047 1053 proprii
2078 956 2215 1043 habet,

514 1086 623 1182 quod
644 1084 807 1160 successu
834 1087 1030 1181 temporis
1056 1083 1160 1157 haud
1184 1102 1366 1176 magnam
1396 1106 1418 1155 a
1438 1082 1642 1179 primitiva
1661 1080 1726 1153 sua
1746 1080 1887 1173 figura.
1900 1084 2073 1178 patiatur
2093 1094 2217 1158 muta·

514 1218 686 1289 tionem:
725 1211 818 1283 dum
839 1222 978 1282 contra
1001 1212 1039 1282 in
1068 1210 1231 1293 semine,
1258 1206 1422 1286 evoluta
1443 1208 1580 1306 planta
1612 1206 1833 1280 aseminali
1859 1208 2096 1302 embryone,
2129 1208 2215 1286 sere

513 1340 668 1436 semper
682 1336 919 1419 notabilem,
935 1336 1031 1429 quin
1046 1338 1248 1429 ingentem
1260 1315 1364 1432 saepe
1378 1337 1418 1407 in
1432 1332 1592 1408 modum
1607 1331 1775 1406 differat.
1814 1330 1923 1405 Hinc
1936 1337 2055 1408 etiam
2068 1331 2216 1411 Anau-

513 1483 647 1539 souus
667 1462 753 1560 (a),
781 1461 818 1536 id
834 1464 939 1535 inter
959 1482 1137 1553 gemmas
1155 1469 1276 1556 atque
1290 1462 1437 1536 semina
1450 1457 1648 1534 essentiale
1669 1457 1915 1533 intercedere
1926 1459 2059 1534 voluit
2076 1461 2216 1537 discri-

512 1614 626 1675 men,
653 1588 759 1685 quod
780 1587 860 1661 illae
877 1585 1006 1661 statim
1021 1589 1069 1662 ab
1095 1599 1191 1663 ortu
1206 1588 1276 1662 suo
1295 1588 1489 1661 matribus
1511 1586 1589 1659 suis
1613 1581 1759 1656 ssmiles
1783 1580 1881 1666 smt;
1914 1584 2060 1660 semina
2081 1598 2215 1664 autem

513 1741 635 1793 unam
659 1716 810 1792 duasve
825 1724 1016 1811 promant
1038 1714 1320 1809 cotyledones‚
1347 1724 1558 1807 antequam
1582 1712 1723 1783 matris
1743 1707 2036 1787 fimilitudinem
2058 1718 2213 1791 nancis-

514 1854 666 1918 cantur.
718 1837 798 1916 Sed
814 1841 890 1913 hoc
906 1839 1120 1914 discrimen
1144 1862 1226 1913 non
1240 1839 1330 1914 satis
1344 1849 1499 1914 certum
1521 1838 1560 1915 δι
1578 1839 1801 1913 universale
1814 1836 1889 1922 est,
1914 1841 1973 1913 uti
1994 1840 2031 1914 id
2045 1839 2215 1937 Cannae,

513 1971 696 2053 Bontiae,
722 1966 942 2052 Nelumbo,
969 1964 1228 2050 Graminum,
1261 1964 1301 2039 ὃ(
1325 1989 1380 2039 ex
1400 1965 1526 2038 altera
1549 1973 1681 2061 parte,
1706 1963 2010 2062 Hepaticamm,
2036 1967 2216 2043 aliarum-

514 2119 593 2191 que
610 2096 813 2193 exemplis
832 2094 1045 2167 contrariis
1070 2092 1177 2166 clare
1199 2092 1406 2175 docemur3
1429 2113 1554 2185 quare
1573 2112 1657 2164 non
1681 2093 1842 2189 penitus
1856 2092 2016 2185 quidem
2032 2089 2216 2188 rejicien-

514 2224 626 2304 dum,
651 2231 766 2295 caute
791 2231 926 2294 tamen
943 2240 993 2292 eo
1009 2216 1203 2293 utendum
1221 2217 1309 2295 else.
1323 2219 1537 2295 censemus.
1599 2214 1846 2291 Accefforias
1865 2216 2034 2313 denique
2057 2231 2215 2319 partes,

513 2348 622 2445 quod
636 2350 800 2430 attinet,
827 2344 904 2422 illae
923 2348 962 2417 in
979 2348 1149 2439 gemmis
1162 2345 1403 2442 plerumque
1426 2354 1518 2417 ante
1542 2346 1874 2438 germinationem
1895 2345 2098 2430 defluunt3
2122 2368 2215 2441 quae

514 2497 618 2552 vero
643 2472 879 2573 persistunt,
910 2479 959 2543 ut
978 2468 1204 2544 Bulborum
1225 2469 1417 2564 squamae,
1452 2492 1512 2544 eae
1531 2473 1604 2544 vix
1627 2479 1697 2544 aut
1719 2492 1862 2569 parum
1882 2494 1904 2544 a
1926 2471 2215 2565 germinatione

513 2609 738 2692 mutantur,
764 2598 829 2673 sed
850 2596 1057 2696 pristinam
1076 2596 1183 2670 suam
1207 2594 1379 2670 sormam
1402 2595 1470 2672 vel
1490 2598 1530 2668 in
1557 2595 1675 2693 ipsam
1702 2617 1852 2671 novam
1881 2597 2056 2693 plantam
2085 2606 2215 2671 trans·

512 2725 668 2799 serunt:
695 2726 736 2797 in
766 2724 914 2799 semine
935 2731 1069 2797 autem
1088 2727 1239 2801 lomnes
1260 2729 1397 2818 partes
1421 2717 1658 2813 accefforiae,
1690 2720 1773 2798 s1ve
1796 2722 1846 2796 ad
1868 2722 2026 2807 testam,
2058 2721 2141 2798 live
2165 2723 2215 2798 ad

514 2849 778 2944 embryonem
795 2844 987 2945 spestent,
1010 2844 1236 2922 constanter
1255 2868 1278 2917 a
1299 2847 1591 2938 germinatione
1616 2845 1892 2933 demauntur,
1917 2870 1992 2923 neo
2016 2870 2154 2922 earum
2172 2851 2215 2923 in

514 2976 675 3051 novella
696 2975 832 3073 planta
850 2972 974 3047 ullum
1001 2994 1177 3067 unquam
1203 2969 1378 3067 superest
1396 2970 1626 3066 vestigium:
1669 2973 1781 3058 hinc,
1819 2977 1860 3048 ni
1878 2974 2038 3049 Bulbus
2057 2975 2215 3051 aliunde

509 3098 593 3196 jam
609 3102 700 3174 satis
716 3109 839 3174 notus
857 3098 966 3182 esset,
997 3096 1122 3196 pollet
1143 3097 1209 3170 ille
1233 3093 1373 3172 velex
1392 3096 1471 3170 sola
1490 3096 1635 3175 formae
1655 3101 1735 3174 suae
1753 3099 1968 3175 constantia
1991 3100 2104 3178 facile
2120 3124 2214 3199 cog·

510 3228 629 3301 nosci
654 3224 694 3300 &
715 3226 763 3301 ab
785 3216 970 3300 omnibus
988 3224 1154 3319 reliquis
1177 3223 1480 3321 propagationis
1502 3227 1664 3319 organis
1683 3233 1772 3301 tuto
1789 3224 1974 3301 discerni.

611 3441 692 3516 His
713 3445 866 3536 itaque,
904 3444 943 3517 in
974 3449 1118 3514 natura
1147 3437 1188 3513 ἃ
1220 3439 1350 3535 privis
1382 3458 1630 3531 gemmarum
1665 3440 1825 3516 dotibus
1859 3441 2035 3518 fundatis
2069 3441 2214 3538 srgnis,

514 3568 731 3644 earundem
744 3592 842 3644 vera
859 3569 969 3641 notio
984 3565 1145 3639 &certa
1160 3566 1303 3637 nititur
1319 3563 1540 3656 diagnoiis;
1566 3567 1693 3661 iisque
1707 3566 1898 3664 neglettis
1912 3568 1953 3643 dc
1964 3567 2213 3668 posthabitis,

514 3691 724 3768 nonsolum
746 3713 924 3787 gemmas
946 3691 1088 3788 saepius
1109 3712 1199 3764 cum
1219 3689 1365 3763 semine
1380 3689 1589 3776 confundi,
1621 3692 1820 3768 sedetiam
1837 3692 1887 3767 de
1908 3694 1990 3793 ipso
2008 3698 2216 3771 variarum

513 3820 742 3918 plantarum
768 3821 867 3895 sexu
894 3816 1093 3892 finistrum
1111 3816 1210 3892 ferri
1227 3809 1419 3909 judicium
1438 3816 1590 3897 neceffe
1608 3817 1674 3893 est.
1726 3817 1830 3914 Cum
1854 3822 1982 3903 enim,
2015 3833 2064 3898 ut
2087 3824 2213 3918 vulgo

476 3922 480 3927 ’
513 3946 603 4019 fieri
626 3946 742 4029 solet,
781 3966 863 4019 non
886 3942 974 4018 aliae
1002 3963 1078 4039 pro
1107 3944 1219 4017 veris
1247 3941 1445 4017 habentur
1472 3962 1662 4036 gemmae,
1694 3944 1764 4018 nifi
1796 3966 1888 4039 quae
1916 3946 1996 4021 illis
2023 3951 2215 4027 arborum

513 4067 657 4144 similes
677 4069 785 4153 sunt,
821 4092 904 4143 non
923 4071 1075 4166 poterit
1093 4089 1174 4140 non
1196 4069 1285 4141 fieri
1305 4073 1401 4162 quin
1424 4069 1512 4142 aliae
1538 4068 1579 4143 dc
1600 4068 1796 4162 sigillatim
1819 4070 1996 4170 aphyllae
2018 4096 2162 4151 omnes
2188 4099 2214 4152 e

486 4215 706 4269 -verarum
729 4215 902 4268 numero
932 4189 1260 4265 excludantur&
1287 4192 1334 4265 ad
1362 4194 1508 4265 semina
1538 4193 1820 4281 mandentum
1858 4197 2214 4293 &consequenter

514 4321 651 4401 etiam,
677 4319 772 4411 quin
789 4340 940 4412 organa
948 4317 1223 4416 supponantur
1235 4325 1306 4391 aut
1323 4316 1528 4412 fingantur
1544 4317 1821 4398 foecundandis
1839 4322 1920 4398 istis
1940 4324 2213 4423 hypetheticis

508 4441 727 4516 seminibus
742 4444 932 4541 adaptata.
983 4439 1049 4516 Sic
1066 4462 1172 4517 unus
1192 4444 1364 4518 alterum
1384 4446 1490 4543 parit
1505 4468 1647 4531 error;
1673 4445 1726 4522 lic
1743 4471 1844 4523 vera
1861 4451 2010 4548 plantis
2028 4451 2212 4524 tribuun-

512 4577 581 4642 tur
601 4567 765 4661 semina,
788 4590 880 4662 quae
893 4591 967 4668 per
983 4577 1110 4642 totam
1122 4568 1246 4642 vitam
1262 4569 1369 4644 suam
1384 4593 1436 4645 ne
1452 4572 1619 4646 ovulum
1643 4572 1802 4667 quidem
1817 4577 2041 4675 producere
2056 4578 2212 4661 valent;

512 4692 551 4768 dt
569 4691 623 4768 fic
639 4693 812 4789 denique
824 4694 945 4771 sexus
970 4716 1044 4792 per
1064 4694 1299 4770 universum
1314 4718 1487 4791 regnum
1511 4699 1735 4791 vegetabile
1762 4700 1959 4778 dominari
1973 4703 2211 4786 somniatur,

2120 4850 2212 4905 cum

601 4975 640 5057 r.)
664 4976 822 5038 lisama.
845 4970 911 5033 hist.
934 4968 1024 5033 must.
1046 4968 1149 5035 frona
1170 4974 1208 5036 11.
1231 4987 1253 5035 t
1274 4990 1299 5049 5.
1322 4972 1344 5038 f.
1367 4981 1415 5040 26.
1435 4977 1467 5041 b.
1555 4974 2028 5068 a.)samil.plant1.p·3o5‚
2089 5060 2093 5065 ,
