4852 6062
825 470 1311 562 PRAEF'ATIQ‘

207 728 292 783 non
311 701 436 780 solem
462 698 767 797 adoptavimus,
790 695 853 775 sed
877 696 1023 773 &eam
1045 696 1164 795 paulo
1188 669 1308 773 latius
1329 699 1611 786 extendimus,
1641 670 1735 800 quia
1757 709 1835 806 ipsa
1856 711 1913 786 se·
2020 720 2023 727 “

208 868 367 942 aninum
390 852 731 953 imperfesliorum
755 853 902 928 fabrica
926 853 965 926 id
989 853 1151 930 suadere
1169 855 1402 930 videbatur:
1434 865 1486 963 ut
1509 866 1643 935 tamen
1669 860 1752 936 falli
1773 863 1912 951 sarnus,

209 1020 250 1098 δι
276 1024 420 1094 iterum
436 1032 596 1107 quoque
614 1007 781 1085 libenter
798 1008 1011 1117 fateamur,
1037 1010 1144 1102 quod
1166 1020 1251 1085 tota
1277 1010 1340 1086 illa
1360 1010 1538 1088 destrina
1564 1037 1679 1089 mero
1702 1016 1835 1093 saltem
1852 1024 1915 1094 ni-

207 1183 324 1250 tatur
349 1169 579 1249 ratiocinio,
606 1165 646 1239 &
668 1164 775 1257 quod
796 1164 1017 1240 firmiorem
1046 1164 1173 1241 adhuc
1195 1167 1300 1240 bafia
1320 1191 1344 1240 a
1367 1170 1550 1265 repetitis
1582 1172 1753 1245 nancisci
1777 1173 1917 1250 debeat

207 1324 525 1427 experimentis,
552 1328 762 1414 antequam
776 1286 908 1398 omnis
925 1321 1031 1397 dubii
1048 1343 1200 1418 expers
1215 1323 1287 1396 dici
1302 1322 1429 1422 possit.
1459 1323 1504 1397 In
1520 1325 1755 1423 explicanda
1769 1327 1917 1406 fabrica

116 1534 126 1551 ι
210 1483 329 1561 evuli
348 1476 601 1574 vegetabilis,
629 1469 798 1568 ejusque
818 1431 1234 1567 transformationem
1258 1479 1390 1553 semen
1413 1456 1556 1577 ipsum,
1582 1483 1765 1574 egregias
1788 1481 1916 1561 Mat.
2012 1576 2020 1592 ὃ

210 1660 358 1719 plenu
380 1655 467 1733 prae
485 1630 612 1705 oculis
630 1628 843 1704 habuimus
864 1632 1183 1718 observat-iones,
1208 1636 1248 1710 ὅ(
1264 1636 1466 1732 praecipua
1488 1629 1609 1729 hujus
1625 1640 1918 1737 metamorpho-

210 1796 306 1872 seos
322 1795 523 1866 momenta
542 1809 598 1859 ex
619 1785 667 1857 iis
685 1782 895 1860 hausimus.
945 1786 1008 1863 De
1025 1790 1315 1882 germinatione
1336 1796 1489 1873 autem,
1516 1788 1767 1878 collestione,
1795 1797 1919 1873 medi.

211 1952 390 2030 catione,
415 1939 614 2018 satione&
634 1938 806 2014 custodia
819 1942 1031 2027 seminum,
1055 1943 1211 2017 nonnisi
1229 1942 1516 2038 generalissima
1537 1944 1797 2033 adduximus,
1828 1956 1920 2047 quia

213 2109 304 2182 haec
327 2101 459 2177 omnia
474 2106 592 2173 extra
607 2072 804 2192 epitomes
824 2096 972 2173 nostrae
986 2099 1185 2175 cancellos
1199 2098 1378 2198 polita&
1392 2102 1562 2200 propius
1573 2098 1918 2224 ad‘parpologiarn

213 2259 431 2368 prastieam
461 2250 634 2359 speslare
656 2253 960 2353 arbitrabamur.

323 2589 371 2665 In
397 2589 522 2670 altera
548 2596 648 2669 tomi
667 2590 789 2696 'parte
819 2595 1088 2695 specialiorem
1110 2590 1371 2693 respeximus
1396 2590 1599 2671 fruttuum
1627 2596 1842 2693 fabricam,
1884 2597 1924 2671 ὅ(
2024 2601 2028 2611 “

216 2774 364 2830 eorum
377 2734 607 2848 'quingenta
631 2751 887 2825 exhibuimus
909 2771 1076 2844 genera,
1104 2747 1332 2846 simpliciter
1352 2748 1555 2844 &absque
1574 2749 1655 2822 ulla
1675 2752 1863 2827 methodo
1883 2755 1924 2823 in

217 2906 439 2984 Centurias
467 2906 632 3003 digesta,
670 2914 861 2983 caventes
890 2904 1056 2989 saltem,
1080 2914 1274 3000 quantum
1298 2900 1432 2991 licuit,
1459 2927 1512 2980 ne
1536 2909 1926 3006 monocotyledone's

218 3063 585 3162 dIcotylcdonibus,
611 3082 685 3139 nec
705 3062 836 3160 superi
852 3059 993 3135 inferis
1009 3052 1278 3138 miscerentur
1295 3059 1470 3136 frustras:
1496 3061 1615 3138 alium
1641 3066 1748 3139 enim
1763 3066 1925 3141 servare

219 3190 424 3307 ordinem,
451 3215 724 3318 insuperabilis
740 3214 946 3315 prohibuit
964 3214 1175 3294 difficultas
1192 3217 1432 3295 defideratos
1453 3213 1609 3294 fruslus
1621 3215 1728 3315 justo
1743 3228 1928 3320 tempore

221 3375 452 3460 obtinendi,
476 3386 523 3450 ut
544 3378 662 3450 etiam
681 3374 807 3453 variis
817 3360 1017 3447 'fructibus
1036 3376 1257 3474 europaeis:
1283 3374 1431 3459 Acori,
1455 3372 1646 3460 Linneae,
1672 3372 1838 3449 Adoxae
1854 3374 1927 3450 &e

219 3531 448 3607 adhucdum
470 3532 746 3608 destituamur:
772 3494 900 3622 quare·
921 3527 1134 3605 necessitati
1159 3530 1406 3625 obedientes,
1432 3526 1712 3605 miscellaneam
1736 3527 1840 3603 hanc
1858 3552 1929 3624 ge·

220 3708 372 3763 nerum
392 3688 588 3782 elegimus
601 3659 919 3784 dispositionem,
940 3681 1069 3759 donec
1084 3694 1171 3762 tota
1184 3682 1327 3764 eorum
1347 3688 1464 3763 turba
1485 3672 1688 3761 subfi’nem
1704 3686 1841 3784 operis
1855 3707 1930 3784 per

220 3842 381 3919 tabulas
395 3842 640 3940 synopticas,
665 3862 837 3937 quarum
852 3841 893 3914 in
911 3842 1041 3938 prima
1056 3838 1226 3917 settione
1242 3842 1422 3919 dedimus
1438 3840 1690 3938 exemplum,
1717 3840 1758 3912 in
1772 3838 1929 3913 metho-
1960 3854 1962 3859 ·

222 3999 322 4074 dum
343 3996 468 4092 redigi
488 4001 652 4095 poterIt.
702 3982 865 4070 Genera
884 3992 978 4091 ipsa,
1008 3999 1224 4072 maximam
1244 4006 1401 4096 partem
1425 4019 1449 4071 a
1468 3995 1571 4071 flore
1593 3989 1807 4101 frut‘luque
1831 3991 1931 4068 defi.

223 4154 309 4227 nita
328 4154 631 4248 proposuimus3
657 4174 748 4248 quae
765 4159 899 4225 autem
921 4146 1039 4224 asoto
1058 4148 1188 4226 fruttu
1207 4149 1382 4228 desumta
1396 4149 1662 4247 accesserunt,
1688 4174 1734 4225 ea
1752 4171 1834 4224 non
1849 4170 1932 4257 om·

225 4312 293 4384 nia
313 4330 392 4407 pro
414 4307 602 4401 legitimis
621 4308 904 4390 venditamus,
924 4296 993 4380 ¹sed
1013 4302 1131 4425 varia·
1143 4296 1308 4389 eorum,
1335 4308 1554 4419 praesertim
1577 4327 1632 4380 ex
1651 4303 1932 4380 Umbellifera·

226 4488 321 4539 rum
341 4461 468 4547 tribu,
493 4484 571 4566 pro
590 4461 750 4566 fatticiis
775 4462 816 4537 δι
839 4468 958 4535 extra
978 4457 1232 4560 Carpologiae
1255 4428 1425 4537 orbitam
1444 4464 1520 4538 vix
1542 4475 1612 4538 aut
1625 4464 1742 4562 plane
1769 4481 1850 4533 non
1864 4457 1931 4532 ad-

229 4614 438 4693 mittendis
457 4579 712 4696 declaramus.
760 4617 935 4707 Nomina
949 4616 1130 4712 quaedam
1150 4620 1354 4713 generica,
1379 4616 1503 4711 vulgo
1518 4600 1696 4714 recepta,
1712 4618 1858 4715 partim
1876 4638 1932 4689 ex

230 4770 480 4887 necessitate,
505 4775 649 4870 partim
670 4796 832 4869 quoque
848 4774 922 4889 alia
941 4772 990 4847 de
1004 4773 1117 4867 pausa
1129 4777 1399 4883 mutavimus:
1425 4772 1581 4870 quando
1605 4746 1749 4869 nempe
1770 4771 1933 4845 exoleta

232 4927 476 5009 videbantur
495 4931 680 5017 meliora,
715 4939 785 5006 aut
805 4928 964 5025 quando
990 4930 1133 5029 primis
1162 4930 1459 5015 inventoribus,
1488 4927 1690 5003 Bauxsm
1711 4926 1934 5025 praesertim
1969 4924 1972 4930 ’

1076 5086 1101 5162 b
1896 5075 1937 5152 &
