<?xml version="1.0" encoding="UTF-8"?>
<!DOCTYPE html PUBLIC "-//W3C//DTD XHTML 1.0 Transitional//EN"
    "http://www.w3.org/TR/xhtml1/DTD/xhtml1-transitional.dtd">
<html xmlns="http://www.w3.org/1999/xhtml" xml:lang="en" lang="en">
 <head>
  <title>
</title>
<meta http-equiv="Content-Type" content="text/html;charset=utf-8" />
  <meta name='ocr-system' content='tesseract 3.04.00' />
  <meta name='ocr-capabilities' content='ocr_page ocr_carea ocr_par ocr_line ocrx_word'/>
</head>
<body>
  <div class='ocr_page' id='page_1' title='image "./defructibusetse00gaergoog_0041.png"; bbox 0 0 4852 6062; ppageno 0'>
   <div class='ocr_carea' id='block_1_1' title="bbox 521 556 1525 630">
    <p class='ocr_par' dir='ltr' id='par_1_1' title="bbox 521 556 1525 630">
     <span class='ocr_line' id='line_1_1' title="bbox 521 556 1525 630; baseline 0.003 -3"><span class='ocrx_word' id='word_1_1' title='bbox 521 570 622 630; x_wconf 76' lang='lat' dir='ltr'>xxu</span> <span class='ocrx_word' id='word_1_2' title='bbox 1221 556 1525 614; x_wconf 53' lang='lat'><strong>2²²¹·</strong></span> 
     </span>
    </p>
   </div>
   <div class='ocr_carea' id='block_1_2' title="bbox 520 756 2221 1872">
    <p class='ocr_par' dir='ltr' id='par_1_2' title="bbox 520 756 2221 1872">
     <span class='ocr_line' id='line_1_2' title="bbox 520 756 2217 860; baseline -0.006 -16"><span class='ocrx_word' id='word_1_3' title='bbox 520 771 704 844; x_wconf 82' lang='lat' dir='ltr'>eulorrnn</span> <span class='ocrx_word' id='word_1_4' title='bbox 725 762 882 843; x_wconf 80' lang='lat' dir='ltr'>illorum</span> <span class='ocrx_word' id='word_1_5' title='bbox 899 758 1028 842; x_wconf 82' lang='lat' dir='ltr'>officia</span> <span class='ocrx_word' id='word_1_6' title='bbox 1045 761 1217 841; x_wconf 80' lang='lat' dir='ltr'>mascula</span> <span class='ocrx_word' id='word_1_7' title='bbox 1237 767 1326 840; x_wconf 86' lang='lat' dir='ltr'>satis</span> <span class='ocrx_word' id='word_1_8' title='bbox 1347 760 1555 841; x_wconf 78' lang='lat' dir='ltr'>&amp;abunde</span> <span class='ocrx_word' id='word_1_9' title='bbox 1577 763 1756 860; x_wconf 83' lang='lat' dir='ltr'>precaria</span> <span class='ocrx_word' id='word_1_10' title='bbox 1777 782 1822 835; x_wconf 86' lang='lat' dir='ltr'>ac</span> <span class='ocrx_word' id='word_1_11' title='bbox 1837 756 2007 860; x_wconf 65' lang='lat' dir='ltr'>asperti</span> <span class='ocrx_word' id='word_1_12' title='bbox 2023 760 2217 855; x_wconf 81' lang='lat' dir='ltr'>reddunt:</span> 
     </span>
     <span class='ocr_line' id='line_1_3' title="bbox 521 887 2217 989; baseline -0.003 -18"><span class='ocrx_word' id='word_1_13' title='bbox 521 899 577 971; x_wconf 84' lang='lat' dir='ltr'>ita</span> <span class='ocrx_word' id='word_1_14' title='bbox 595 904 734 970; x_wconf 86' lang='lat' dir='ltr'>contra</span> <span class='ocrx_word' id='word_1_15' title='bbox 761 898 902 989; x_wconf 76' lang='lat' dir='ltr'>ingens</span> <span class='ocrx_word' id='word_1_16' title='bbox 923 892 1144 969; x_wconf 84' lang='lat' dir='ltr'>eorundem</span> <span class='ocrx_word' id='word_1_17' title='bbox 1175 913 1265 966; x_wconf 90' lang='lat' dir='ltr'>cum</span> <span class='ocrx_word' id='word_1_18' title='bbox 1300 890 1642 964; x_wconf 73' lang='lat' dir='ltr'>Marchantiarum</span> <span class='ocrx_word' id='word_1_19' title='bbox 1674 888 1961 987; x_wconf 75' lang='lat' dir='ltr'>propaginibus</span> <span class='ocrx_word' id='word_1_20' title='bbox 1988 887 2217 967; x_wconf 76' lang='lat' dir='ltr'>similitudo.</span> 
     </span>
     <span class='ocr_line' id='line_1_4' title="bbox 520 1014 2219 1117; baseline -0.003 -23"><span class='ocrx_word' id='word_1_21' title='bbox 520 1023 665 1116; x_wconf 86' lang='lat' dir='ltr'>quibus</span> <span class='ocrx_word' id='word_1_22' title='bbox 680 1023 828 1117; x_wconf 84' lang='lat' dir='ltr'>quippe</span> <span class='ocrx_word' id='word_1_23' title='bbox 844 1031 959 1102; x_wconf 83' lang='lat' dir='ltr'>ortu,</span> <span class='ocrx_word' id='word_1_24' title='bbox 986 1018 1080 1102; x_wconf 87' lang='lat' dir='ltr'>iitu,</span> <span class='ocrx_word' id='word_1_25' title='bbox 1106 1019 1268 1100; x_wconf 88' lang='lat' dir='ltr'>fabrica,</span> <span class='ocrx_word' id='word_1_26' title='bbox 1296 1020 1392 1111; x_wconf 89' lang='lat' dir='ltr'>quin</span> <span class='ocrx_word' id='word_1_27' title='bbox 1415 1015 1490 1113; x_wconf 85' lang='lat' dir='ltr'>ipsa</span> <span class='ocrx_word' id='word_1_28' title='bbox 1504 1034 1663 1107; x_wconf 91' lang='lat' dir='ltr'>quoque</span> <span class='ocrx_word' id='word_1_29' title='bbox 1687 1015 1894 1109; x_wconf 69' lang='lat' dir='ltr'>thecatum</span> <span class='ocrx_word' id='word_1_30' title='bbox 1913 1014 2071 1089; x_wconf 89' lang='lat' dir='ltr'>suarurn</span> <span class='ocrx_word' id='word_1_31' title='bbox 2088 1014 2219 1089; x_wconf 86' lang='lat' dir='ltr'>forma</span> 
     </span>
     <span class='ocr_line' id='line_1_5' title="bbox 521 1137 2217 1242; baseline -0.004 -21"><span class='ocrx_word' id='word_1_32' title='bbox 521 1143 665 1222; x_wconf 72' lang='lat' dir='ltr'>exesse</span> <span class='ocrx_word' id='word_1_33' title='bbox 682 1144 941 1242; x_wconf 81' lang='lat' dir='ltr'>respondent,</span> <span class='ocrx_word' id='word_1_34' title='bbox 964 1141 1079 1217; x_wconf 88' lang='lat' dir='ltr'>facile</span> <span class='ocrx_word' id='word_1_35' title='bbox 1092 1143 1326 1236; x_wconf 85' lang='lat' dir='ltr'>quemlibet,</span> <span class='ocrx_word' id='word_1_36' title='bbox 1351 1137 1588 1239; x_wconf 87' lang='lat' dir='ltr'>praejudiciis</span> <span class='ocrx_word' id='word_1_37' title='bbox 1603 1160 1683 1212; x_wconf 93' lang='lat' dir='ltr'>non</span> <span class='ocrx_word' id='word_1_38' title='bbox 1699 1140 1964 1224; x_wconf 86' lang='lat' dir='ltr'>obcoecaturn,</span> <span class='ocrx_word' id='word_1_39' title='bbox 1989 1141 2036 1214; x_wconf 87' lang='lat' dir='ltr'>ad</span> <span class='ocrx_word' id='word_1_40' title='bbox 2052 1141 2217 1214; x_wconf 87' lang='lat' dir='ltr'>creden-</span> 
     </span>
     <span class='ocr_line' id='line_1_6' title="bbox 522 1264 2218 1367; baseline -0.003 -22"><span class='ocrx_word' id='word_1_41' title='bbox 522 1271 615 1345; x_wconf 77' lang='lat' dir='ltr'>dum</span> <span class='ocrx_word' id='word_1_42' title='bbox 641 1271 818 1354; x_wconf 84' lang='lat' dir='ltr'>inducet,</span> <span class='ocrx_word' id='word_1_43' title='bbox 844 1269 950 1364; x_wconf 85' lang='lat' dir='ltr'>quod</span> <span class='ocrx_word' id='word_1_44' title='bbox 965 1269 1006 1343; x_wconf 75' lang='grc' dir='ltr'>δι</span> <span class='ocrx_word' id='word_1_45' title='bbox 1022 1270 1099 1367; x_wconf 85' lang='lat' dir='ltr'>ipsa</span> <span class='ocrx_word' id='word_1_46' title='bbox 1118 1269 1215 1341; x_wconf 82' lang='lat' dir='ltr'>nihil</span> <span class='ocrx_word' id='word_1_47' title='bbox 1230 1264 1355 1348; x_wconf 88' lang='lat' dir='ltr'>aliud,</span> <span class='ocrx_word' id='word_1_48' title='bbox 1384 1288 1500 1360; x_wconf 88' lang='lat' dir='ltr'>quarn</span> <span class='ocrx_word' id='word_1_49' title='bbox 1524 1264 1734 1340; x_wconf 77' lang='lat' dir='ltr'>verissinrae</span> <span class='ocrx_word' id='word_1_50' title='bbox 1752 1286 1941 1358; x_wconf 76' lang='lat' dir='ltr'>gemmae,</span> <span class='ocrx_word' id='word_1_51' title='bbox 1966 1265 2016 1340; x_wconf 89' lang='lat' dir='ltr'>de</span> <span class='ocrx_word' id='word_1_52' title='bbox 2032 1269 2218 1365; x_wconf 80' lang='lat' dir='ltr'>propagi-</span> 
     </span>
     <span class='ocr_line' id='line_1_7' title="bbox 520 1381 2219 1490; baseline -0.004 -18"><span class='ocrx_word' id='word_1_53' title='bbox 520 1414 617 1472; x_wconf 85' lang='lat' dir='ltr'>num</span> <span class='ocrx_word' id='word_1_54' title='bbox 642 1396 777 1479; x_wconf 88' lang='lat' dir='ltr'>censu,</span> <span class='ocrx_word' id='word_1_55' title='bbox 803 1394 879 1472; x_wconf 78' lang='lat' dir='ltr'>effe</span> <span class='ocrx_word' id='word_1_56' title='bbox 894 1381 1061 1490; x_wconf 85' lang='lat' dir='ltr'>queant:</span> <span class='ocrx_word' id='word_1_57' title='bbox 1086 1412 1176 1467; x_wconf 83' lang='lat' dir='ltr'>narn</span> <span class='ocrx_word' id='word_1_58' title='bbox 1193 1395 1420 1486; x_wconf 82' lang='lat' dir='ltr'>germinare</span> <span class='ocrx_word' id='word_1_59' title='bbox 1436 1401 1648 1489; x_wconf 88' lang='lat' dir='ltr'>poterunt,</span> <span class='ocrx_word' id='word_1_60' title='bbox 1674 1390 1744 1465; x_wconf 88' lang='lat' dir='ltr'>etfi</span> <span class='ocrx_word' id='word_1_61' title='bbox 1758 1387 2219 1486; x_wconf 78' lang='lat' dir='ltr'>Senurnecwsgermi-</span> 
     </span>
     <span class='ocr_line' id='line_1_8' title="bbox 520 1515 2220 1617; baseline -0.002 -20"><span class='ocrx_word' id='word_1_62' title='bbox 520 1520 625 1597; x_wconf 81' lang='lat' dir='ltr'>naffe</span> <span class='ocrx_word' id='word_1_63' title='bbox 642 1542 723 1595; x_wconf 86' lang='lat' dir='ltr'>non</span> <span class='ocrx_word' id='word_1_64' title='bbox 742 1522 911 1606; x_wconf 69' lang='lat' dir='ltr'>viderit,</span> <span class='ocrx_word' id='word_1_65' title='bbox 935 1532 1070 1595; x_wconf 89' lang='lat' dir='ltr'>atnon</span> <span class='ocrx_word' id='word_1_66' title='bbox 1088 1529 1280 1617; x_wconf 85' lang='lat' dir='ltr'>poterunt</span> <span class='ocrx_word' id='word_1_67' title='bbox 1296 1515 1371 1592; x_wconf 83' lang='lat' dir='ltr'>effe</span> <span class='ocrx_word' id='word_1_68' title='bbox 1387 1518 1585 1601; x_wconf 88' lang='lat' dir='ltr'>antherae,</span> <span class='ocrx_word' id='word_1_69' title='bbox 1616 1520 1707 1611; x_wconf 89' lang='lat' dir='ltr'>quia</span> <span class='ocrx_word' id='word_1_70' title='bbox 1723 1540 1797 1590; x_wconf 88' lang='lat' dir='ltr'>nec</span> <span class='ocrx_word' id='word_1_71' title='bbox 1816 1517 1883 1591; x_wconf 88' lang='lat' dir='ltr'>ille</span> <span class='ocrx_word' id='word_1_72' title='bbox 1901 1517 2000 1616; x_wconf 88' lang='lat' dir='ltr'>ipse,</span> <span class='ocrx_word' id='word_1_73' title='bbox 2023 1538 2099 1593; x_wconf 88' lang='lat' dir='ltr'>nec</span> <span class='ocrx_word' id='word_1_74' title='bbox 2119 1520 2220 1594; x_wconf 84' lang='lat' dir='ltr'>alius</span> 
     </span>
     <span class='ocr_line' id='line_1_9' title="bbox 521 1640 2221 1744; baseline 0 -23"><span class='ocrx_word' id='word_1_75' title='bbox 521 1652 733 1744; x_wconf 85' lang='lat' dir='ltr'>quisquam</span> <span class='ocrx_word' id='word_1_76' title='bbox 763 1646 890 1721; x_wconf 86' lang='lat' dir='ltr'>ulium</span> <span class='ocrx_word' id='word_1_77' title='bbox 925 1664 1071 1722; x_wconf 86' lang='lat' dir='ltr'>verum</span> <span class='ocrx_word' id='word_1_78' title='bbox 1104 1645 1286 1719; x_wconf 80' lang='lat' dir='ltr'>antherae</span> <span class='ocrx_word' id='word_1_79' title='bbox 1318 1642 1548 1739; x_wconf 82' lang='lat' dir='ltr'>requisitum</span> <span class='ocrx_word' id='word_1_80' title='bbox 1587 1645 1626 1717; x_wconf 94' lang='lat' dir='ltr'>in</span> <span class='ocrx_word' id='word_1_81' title='bbox 1652 1646 1700 1717; x_wconf 91' lang='lat' dir='ltr'>iis</span> <span class='ocrx_word' id='word_1_82' title='bbox 1736 1640 1926 1719; x_wconf 66' lang='lat' dir='ltr'>haetenus</span> <span class='ocrx_word' id='word_1_83' title='bbox 1958 1644 2146 1739; x_wconf 80' lang='lat' dir='ltr'>detegere</span> <span class='ocrx_word' id='word_1_84' title='bbox 2180 1645 2221 1721; x_wconf 77' lang='lat' dir='ltr'>bc</span> 
     </span>
     <span class='ocr_line' id='line_1_10' title="bbox 521 1767 961 1872; baseline -0.007 -23"><span class='ocrx_word' id='word_1_85' title='bbox 521 1767 793 1850; x_wconf 78' lang='lat' dir='ltr'>dernonstrare</span> <span class='ocrx_word' id='word_1_86' title='bbox 820 1775 961 1872; x_wconf 83' lang='lat' dir='ltr'>potuit.</span> 
     </span>
    </p>
   </div>
   <div class='ocr_carea' id='block_1_3' title="bbox 521 1960 2327 4437">
    <p class='ocr_par' dir='ltr' id='par_1_3' title="bbox 521 1960 2327 4333">
     <span class='ocr_line' id='line_1_11' title="bbox 528 1960 2219 2073; baseline -0.003 -31"><span class='ocrx_word' id='word_1_87' title='bbox 528 2068 531 2073; x_wconf 20' lang='grc' dir='ltr'>Ι</span> <span class='ocrx_word' id='word_1_88' title='bbox 620 1967 666 2042; x_wconf 91' lang='lat' dir='ltr'>Iu</span> <span class='ocrx_word' id='word_1_89' title='bbox 684 1960 983 2073; x_wconf 67' lang='lat' dir='ltr'>Jangermanniis</span> <span class='ocrx_word' id='word_1_90' title='bbox 1007 1973 1228 2041; x_wconf 89' lang='lat' dir='ltr'>nascuntur</span> <span class='ocrx_word' id='word_1_91' title='bbox 1253 1974 1403 2062; x_wconf 84' lang='lat' dir='ltr'>praeter</span> <span class='ocrx_word' id='word_1_92' title='bbox 1423 1987 1521 2042; x_wconf 88' lang='lat' dir='ltr'>vera</span> <span class='ocrx_word' id='word_1_93' title='bbox 1551 1965 1715 2047; x_wconf 85' lang='lat' dir='ltr'>semina,</span> <span class='ocrx_word' id='word_1_94' title='bbox 1755 1962 1923 2061; x_wconf 86' lang='lat' dir='ltr'>capsulis</span> <span class='ocrx_word' id='word_1_95' title='bbox 1946 1960 2219 2057; x_wconf 88' lang='lat' dir='ltr'>quadrivalvi-</span> 
     </span>
     <span class='ocr_line' id='line_1_12' title="bbox 522 2082 2221 2189; baseline -0.004 -19"><span class='ocrx_word' id='word_1_96' title='bbox 522 2093 598 2171; x_wconf 88' lang='lat' dir='ltr'>bus</span> <span class='ocrx_word' id='word_1_97' title='bbox 620 2092 820 2176; x_wconf 89' lang='lat' dir='ltr'>conclusa,</span> <span class='ocrx_word' id='word_1_98' title='bbox 844 2094 955 2166; x_wconf 90' lang='lat' dir='ltr'>varia</span> <span class='ocrx_word' id='word_1_99' title='bbox 972 2113 1130 2186; x_wconf 91' lang='lat' dir='ltr'>quoque</span> <span class='ocrx_word' id='word_1_100' title='bbox 1151 2091 1225 2165; x_wconf 89' lang='lat' dir='ltr'>alia</span> <span class='ocrx_word' id='word_1_101' title='bbox 1238 2082 1472 2189; x_wconf 86' lang='lat' dir='ltr'>corpuscula</span> <span class='ocrx_word' id='word_1_102' title='bbox 1487 2092 1690 2186; x_wconf 82' lang='lat' dir='ltr'>organica,</span> <span class='ocrx_word' id='word_1_103' title='bbox 1716 2092 1860 2184; x_wconf 91' lang='lat' dir='ltr'>quibus</span> <span class='ocrx_word' id='word_1_104' title='bbox 1880 2091 2101 2182; x_wconf 84' lang='lat' dir='ltr'>generatim</span> <span class='ocrx_word' id='word_1_105' title='bbox 2119 2088 2221 2164; x_wconf 81' lang='lat' dir='ltr'>veu-</span> 
     </span>
     <span class='ocr_line' id='line_1_13' title="bbox 523 2214 2221 2316; baseline -0.002 -22"><span class='ocrx_word' id='word_1_106' title='bbox 523 2222 645 2303; x_wconf 84' lang='lat' dir='ltr'>culae,</span> <span class='ocrx_word' id='word_1_107' title='bbox 670 2218 904 2314; x_wconf 74' lang='lat' dir='ltr'>squamulae,</span> <span class='ocrx_word' id='word_1_108' title='bbox 930 2227 1001 2293; x_wconf 88' lang='lat' dir='ltr'>aut</span> <span class='ocrx_word' id='word_1_109' title='bbox 1021 2218 1181 2316; x_wconf 86' lang='lat' dir='ltr'>capituli</span> <span class='ocrx_word' id='word_1_110' title='bbox 1197 2218 1476 2315; x_wconf 87' lang='lat' dir='ltr'>pulverulenti</span> <span class='ocrx_word' id='word_1_111' title='bbox 1490 2217 1618 2291; x_wconf 77' lang='lat' dir='ltr'>fornia</span> <span class='ocrx_word' id='word_1_112' title='bbox 1630 2214 1708 2308; x_wconf 90' lang='lat' dir='ltr'>est,</span> <span class='ocrx_word' id='word_1_113' title='bbox 1732 2214 1931 2309; x_wconf 87' lang='lat' dir='ltr'>&amp;quibus</span> <span class='ocrx_word' id='word_1_114' title='bbox 1945 2215 2099 2290; x_wconf 86' lang='lat' dir='ltr'>diversa</span> <span class='ocrx_word' id='word_1_115' title='bbox 2113 2228 2221 2303; x_wconf 84' lang='lat' dir='ltr'>vota,</span> 
     </span>
     <span class='ocr_line' id='line_1_14' title="bbox 525 2339 2224 2448; baseline -0.001 -28"><span class='ocrx_word' id='word_1_116' title='bbox 525 2340 704 2422; x_wconf 86' lang='lat' dir='ltr'>diversas</span> <span class='ocrx_word' id='word_1_117' title='bbox 727 2366 887 2439; x_wconf 89' lang='lat' dir='ltr'>quoque</span> <span class='ocrx_word' id='word_1_118' title='bbox 909 2344 1177 2420; x_wconf 81' lang='lat' dir='ltr'>attribuerunt</span> <span class='ocrx_word' id='word_1_119' title='bbox 1195 2341 1429 2420; x_wconf 78' lang='lat' dir='ltr'>sunitiones.</span> <span class='ocrx_word' id='word_1_120' title='bbox 1487 2339 1663 2448; x_wconf 68' lang='lat' dir='ltr'>vestran,</span> <span class='ocrx_word' id='word_1_121' title='bbox 1691 2363 1791 2435; x_wconf 89' lang='lat' dir='ltr'>quas</span> <span class='ocrx_word' id='word_1_122' title='bbox 1812 2340 2068 2416; x_wconf 76' lang='lat' dir='ltr'>thuemus</span> <span class='ocrx_word' id='word_1_123' title='bbox 2087 2341 2161 2439; x_wconf 85' lang='lat' dir='ltr'>(r.)</span> <span class='ocrx_word' id='word_1_124' title='bbox 2183 2345 2224 2418; x_wconf 89' lang='lat' dir='ltr'>in</span> 
     </span>
     <span class='ocr_line' id='line_1_15' title="bbox 524 2460 2222 2577; baseline -0.001 -31"><span class='ocrx_word' id='word_1_125' title='bbox 524 2460 726 2569; x_wconf 84' lang='lat' dir='ltr'>scyphulis</span> <span class='ocrx_word' id='word_1_126' title='bbox 749 2471 951 2544; x_wconf 75' lang='lat' dir='ltr'>haerentes</span> <span class='ocrx_word' id='word_1_127' title='bbox 970 2471 1288 2569; x_wconf 78' lang='lat' dir='ltr'>repraesentavit,</span> <span class='ocrx_word' id='word_1_128' title='bbox 1317 2468 1616 2547; x_wconf 73' lang='lat' dir='ltr'>Scufflnacrus</span> <span class='ocrx_word' id='word_1_129' title='bbox 1639 2466 1721 2564; x_wconf 82' lang='lat'><strong>(2.)</strong></span> <span class='ocrx_word' id='word_1_130' title='bbox 1739 2492 1859 2550; x_wconf 91' lang='lat' dir='ltr'>vero,</span> <span class='ocrx_word' id='word_1_131' title='bbox 1885 2466 2093 2577; x_wconf 85' lang='lat' dir='ltr'>frondibus</span> <span class='ocrx_word' id='word_1_132' title='bbox 2113 2464 2222 2544; x_wconf 71' lang='lat' dir='ltr'>artie</span> 
     </span>
     <span class='ocr_line' id='line_1_16' title="bbox 524 2590 2223 2692; baseline -0.001 -22"><span class='ocrx_word' id='word_1_133' title='bbox 524 2597 688 2671; x_wconf 89' lang='lat' dir='ltr'>adnatas</span> <span class='ocrx_word' id='word_1_134' title='bbox 711 2590 932 2671; x_wconf 84' lang='lat' dir='ltr'>&amp;demum</span> <span class='ocrx_word' id='word_1_135' title='bbox 958 2618 1138 2671; x_wconf 90' lang='lat' dir='ltr'>marcore</span> <span class='ocrx_word' id='word_1_136' title='bbox 1160 2597 1484 2672; x_wconf 84' lang='lat' dir='ltr'>contabescentes</span> <span class='ocrx_word' id='word_1_137' title='bbox 1510 2594 1550 2670; x_wconf 89' lang='lat'>&amp;</span> <span class='ocrx_word' id='word_1_138' title='bbox 1577 2593 1742 2692; x_wconf 85' lang='lat' dir='ltr'>prorsus</span> <span class='ocrx_word' id='word_1_139' title='bbox 1762 2604 2053 2668; x_wconf 83' lang='lat' dir='ltr'>evanescentes</span> <span class='ocrx_word' id='word_1_140' title='bbox 2073 2593 2223 2688; x_wconf 84' lang='lat' dir='ltr'>statuit,</span> 
     </span>
     <span class='ocr_line' id='line_1_17' title="bbox 524 2716 2224 2822; baseline 0 -26"><span class='ocrx_word' id='word_1_141' title='bbox 524 2716 822 2822; x_wconf 84' lang='lat' dir='ltr'>perspirationis</span> <span class='ocrx_word' id='word_1_142' title='bbox 844 2743 994 2816; x_wconf 81' lang='lat' dir='ltr'>organa</span> <span class='ocrx_word' id='word_1_143' title='bbox 1016 2721 1056 2796; x_wconf 77' lang='lat' dir='ltr'>br</span> <span class='ocrx_word' id='word_1_144' title='bbox 1082 2722 1315 2797; x_wconf 90' lang='lat' dir='ltr'>abundantis</span> <span class='ocrx_word' id='word_1_145' title='bbox 1337 2723 1437 2797; x_wconf 89' lang='lat' dir='ltr'>succi</span> <span class='ocrx_word' id='word_1_146' title='bbox 1453 2718 1686 2795; x_wconf 88' lang='lat' dir='ltr'>diverticula</span> <span class='ocrx_word' id='word_1_147' title='bbox 1705 2717 1779 2795; x_wconf 83' lang='lat' dir='ltr'>effe</span> <span class='ocrx_word' id='word_1_148' title='bbox 1797 2721 2003 2814; x_wconf 84' lang='lat' dir='ltr'>videntur,</span> <span class='ocrx_word' id='word_1_149' title='bbox 2029 2721 2098 2794; x_wconf 88' lang='lat' dir='ltr'>vel</span> <span class='ocrx_word' id='word_1_150' title='bbox 2113 2731 2224 2797; x_wconf 88' lang='lat' dir='ltr'>certe</span> 
     </span>
     <span class='ocr_line' id='line_1_18' title="bbox 524 2844 2224 2947; baseline 0.001 -26"><span class='ocrx_word' id='word_1_151' title='bbox 524 2871 602 2947; x_wconf 92' lang='lat' dir='ltr'>pro</span> <span class='ocrx_word' id='word_1_152' title='bbox 625 2846 805 2922; x_wconf 87' lang='lat' dir='ltr'>antheris</span> <span class='ocrx_word' id='word_1_153' title='bbox 830 2847 964 2920; x_wconf 90' lang='lat' dir='ltr'>haberi</span> <span class='ocrx_word' id='word_1_154' title='bbox 981 2857 1204 2941; x_wconf 88' lang='lat' dir='ltr'>nequeunt,</span> <span class='ocrx_word' id='word_1_155' title='bbox 1230 2851 1321 2942; x_wconf 88' lang='lat' dir='ltr'>quia</span> <span class='ocrx_word' id='word_1_156' title='bbox 1345 2870 1463 2924; x_wconf 88' lang='lat' dir='ltr'>omne</span> <span class='ocrx_word' id='word_1_157' title='bbox 1492 2844 1584 2945; x_wconf 85' lang='lat' dir='ltr'>ipiis</span> <span class='ocrx_word' id='word_1_158' title='bbox 1605 2845 1841 2940; x_wconf 87' lang='lat' dir='ltr'>danegatum</span> <span class='ocrx_word' id='word_1_159' title='bbox 1874 2844 1932 2921; x_wconf 89' lang='lat' dir='ltr'>est</span> <span class='ocrx_word' id='word_1_160' title='bbox 1955 2869 2045 2920; x_wconf 84' lang='lat' dir='ltr'>curn</span> <span class='ocrx_word' id='word_1_161' title='bbox 2060 2845 2224 2923; x_wconf 85' lang='lat' dir='ltr'>femina-</span> 
     </span>
     <span class='ocr_line' id='line_1_19' title="bbox 525 2959 2225 3081; baseline 0.002 -35"><span class='ocrx_word' id='word_1_162' title='bbox 525 2997 617 3047; x_wconf 88' lang='lat' dir='ltr'>rum</span> <span class='ocrx_word' id='word_1_163' title='bbox 634 2975 796 3066; x_wconf 86' lang='lat' dir='ltr'>organis</span> <span class='ocrx_word' id='word_1_164' title='bbox 809 2974 1109 3056; x_wconf 65' lang='lat' dir='ltr'>commercium</span> <span class='ocrx_word' id='word_1_165' title='bbox 1139 2974 1198 3047; x_wconf 90' lang='lat' dir='ltr'>uti</span> <span class='ocrx_word' id='word_1_166' title='bbox 1212 2974 1304 3058; x_wconf 92' lang='lat' dir='ltr'>hoc,</span> <span class='ocrx_word' id='word_1_167' title='bbox 1329 2998 1386 3049; x_wconf 89' lang='lat' dir='ltr'>ex</span> <span class='ocrx_word' id='word_1_168' title='bbox 1399 2995 1535 3050; x_wconf 86' lang='lat' dir='ltr'>earum</span> <span class='ocrx_word' id='word_1_169' title='bbox 1551 2971 1643 3055; x_wconf 82' lang='lat' dir='ltr'>situ,</span> <span class='ocrx_word' id='word_1_170' title='bbox 1667 2959 1870 3081; x_wconf 82' lang='lat' dir='ltr'>proventu</span> <span class='ocrx_word' id='word_1_171' title='bbox 1888 2975 2022 3057; x_wconf 89' lang='lat' dir='ltr'>vario,</span> <span class='ocrx_word' id='word_1_172' title='bbox 2047 2972 2225 3070; x_wconf 84' lang='lat' dir='ltr'>plenaria</span> 
     </span>
     <span class='ocr_line' id='line_1_20' title="bbox 525 3094 2225 3196; baseline 0.004 -26"><span class='ocrx_word' id='word_1_173' title='bbox 525 3097 630 3195; x_wconf 78' lang='lat' dir='ltr'>saepe</span> <span class='ocrx_word' id='word_1_174' title='bbox 650 3097 880 3172; x_wconf 83' lang='lat' dir='ltr'>absentia&amp;</span> <span class='ocrx_word' id='word_1_175' title='bbox 899 3101 1032 3172; x_wconf 83' lang='lat' dir='ltr'>omnis</span> <span class='ocrx_word' id='word_1_176' title='bbox 1050 3097 1213 3196; x_wconf 85' lang='lat' dir='ltr'>pollinis</span> <span class='ocrx_word' id='word_1_177' title='bbox 1237 3100 1363 3175; x_wconf 88' lang='lat' dir='ltr'>virilis</span> <span class='ocrx_word' id='word_1_178' title='bbox 1397 3098 1588 3173; x_wconf 78' lang='lat' dir='ltr'>constanti</span> <span class='ocrx_word' id='word_1_179' title='bbox 1615 3094 1784 3182; x_wconf 63' lang='lat' dir='ltr'>defertu,</span> <span class='ocrx_word' id='word_1_180' title='bbox 1812 3098 1926 3172; x_wconf 89' lang='lat' dir='ltr'>facile</span> <span class='ocrx_word' id='word_1_181' title='bbox 1946 3098 2003 3175; x_wconf 90' lang='lat' dir='ltr'>est</span> <span class='ocrx_word' id='word_1_182' title='bbox 2025 3097 2225 3194; x_wconf 71' lang='lat' dir='ltr'>corrigere.</span> 
     </span>
     <span class='ocr_line' id='line_1_21' title="bbox 525 3200 2226 3323; baseline 0.001 -23"><span class='ocrx_word' id='word_1_183' title='bbox 525 3218 726 3319; x_wconf 70' lang='lat' dir='ltr'>Squama</span> <span class='ocrx_word' id='word_1_184' title='bbox 755 3234 930 3298; x_wconf 89' lang='lat' dir='ltr'>auteme</span> <span class='ocrx_word' id='word_1_185' title='bbox 956 3222 1145 3299; x_wconf 87' lang='lat' dir='ltr'>soliorum</span> <span class='ocrx_word' id='word_1_186' title='bbox 1164 3200 1353 3300; x_wconf 75' lang='lat' dir='ltr'>lateribus</span> <span class='ocrx_word' id='word_1_187' title='bbox 1375 3225 1590 3323; x_wconf 87' lang='lat' dir='ltr'>prodeunt,</span> <span class='ocrx_word' id='word_1_188' title='bbox 1617 3224 1656 3298; x_wconf 68' lang='grc' dir='ltr'>ἃ</span> <span class='ocrx_word' id='word_1_189' title='bbox 1685 3228 1872 3318; x_wconf 86' lang='lat' dir='ltr'>quamvis</span> <span class='ocrx_word' id='word_1_190' title='bbox 1901 3244 1970 3299; x_wconf 89' lang='lat' dir='ltr'>eas</span> <span class='ocrx_word' id='word_1_191' title='bbox 1996 3228 2226 3319; x_wconf 80' lang='lat' dir='ltr'>germinare</span> 
     </span>
     <span class='ocr_line' id='line_1_22' title="bbox 527 3340 2227 3451; baseline 0.002 -27"><span class='ocrx_word' id='word_1_192' title='bbox 527 3343 831 3425; x_wconf 74' lang='lat' dir='ltr'>Scuumscrus</span> <span class='ocrx_word' id='word_1_193' title='bbox 861 3345 941 3446; x_wconf 81' lang='lat'><strong>(3.)</strong></span> <span class='ocrx_word' id='word_1_194' title='bbox 968 3353 1195 3444; x_wconf 81' lang='lat' dir='ltr'>negaverit,</span> <span class='ocrx_word' id='word_1_195' title='bbox 1222 3373 1290 3424; x_wconf 90' lang='lat' dir='ltr'>eas</span> <span class='ocrx_word' id='word_1_196' title='bbox 1317 3361 1450 3427; x_wconf 87' lang='lat' dir='ltr'>tamen</span> <span class='ocrx_word' id='word_1_197' title='bbox 1478 3353 1516 3422; x_wconf 92' lang='lat' dir='ltr'>in</span> <span class='ocrx_word' id='word_1_198' title='bbox 1551 3352 1735 3425; x_wconf 87' lang='lat' dir='ltr'>novellas</span> <span class='ocrx_word' id='word_1_199' title='bbox 1762 3354 1918 3450; x_wconf 84' lang='lat' dir='ltr'>plantas</span> <span class='ocrx_word' id='word_1_200' title='bbox 1946 3340 2101 3449; x_wconf 73' lang='lat' dir='ltr'>copiose</span> <span class='ocrx_word' id='word_1_201' title='bbox 2130 3376 2227 3451; x_wconf 85' lang='lat' dir='ltr'>pro-</span> 
     </span>
     <span class='ocr_line' id='line_1_23' title="bbox 526 3473 2227 3570; baseline 0.004 -22"><span class='ocrx_word' id='word_1_202' title='bbox 526 3493 711 3549; x_wconf 85' lang='lat' dir='ltr'>crescere</span> <span class='ocrx_word' id='word_1_203' title='bbox 736 3473 1094 3550; x_wconf 75' lang='lat' dir='ltr'>Koacanureaus</span> <span class='ocrx_word' id='word_1_204' title='bbox 1126 3477 1204 3570; x_wconf 84' lang='lat'><strong>(4.)</strong></span> <span class='ocrx_word' id='word_1_205' title='bbox 1233 3476 1355 3551; x_wconf 84' lang='lat' dir='ltr'>vidit:</span> <span class='ocrx_word' id='word_1_206' title='bbox 1391 3499 1514 3570; x_wconf 89' lang='lat' dir='ltr'>quare</span> <span class='ocrx_word' id='word_1_207' title='bbox 1533 3496 1759 3569; x_wconf 83' lang='lat' dir='ltr'>gernmacea</span> <span class='ocrx_word' id='word_1_208' title='bbox 1781 3499 1917 3553; x_wconf 89' lang='lat' dir='ltr'>earum</span> <span class='ocrx_word' id='word_1_209' title='bbox 1941 3487 2084 3551; x_wconf 81' lang='lat' dir='ltr'>natura</span> <span class='ocrx_word' id='word_1_210' title='bbox 2108 3489 2227 3554; x_wconf 77' lang='lat' dir='ltr'>extra</span> 
     </span>
     <span class='ocr_line' id='line_1_24' title="bbox 526 3599 2227 3701; baseline 0.005 -29"><span class='ocrx_word' id='word_1_211' title='bbox 526 3621 647 3672; x_wconf 83' lang='lat' dir='ltr'>crnne</span> <span class='ocrx_word' id='word_1_212' title='bbox 675 3599 837 3673; x_wconf 86' lang='lat' dir='ltr'>dubium</span> <span class='ocrx_word' id='word_1_213' title='bbox 870 3599 992 3696; x_wconf 80' lang='lat' dir='ltr'>posita</span> <span class='ocrx_word' id='word_1_214' title='bbox 1024 3599 1092 3676; x_wconf 90' lang='lat' dir='ltr'>est.</span> <span class='ocrx_word' id='word_1_215' title='bbox 1165 3599 1412 3678; x_wconf 78' lang='lat' dir='ltr'>Pulueralrnia</span> <span class='ocrx_word' id='word_1_216' title='bbox 1439 3600 1609 3695; x_wconf 90' lang='lat' dir='ltr'>denique</span> <span class='ocrx_word' id='word_1_217' title='bbox 1638 3602 1809 3699; x_wconf 79' lang='lat' dir='ltr'>capitula,</span> <span class='ocrx_word' id='word_1_218' title='bbox 1836 3605 1929 3678; x_wconf 87' lang='lat' dir='ltr'>olim</span> <span class='ocrx_word' id='word_1_219' title='bbox 1947 3626 2023 3701; x_wconf 86' lang='lat' dir='ltr'>pro</span> <span class='ocrx_word' id='word_1_220' title='bbox 2043 3603 2227 3682; x_wconf 80' lang='lat' dir='ltr'>femineis</span> 
     </span>
     <span class='ocr_line' id='line_1_25' title="bbox 527 3722 2227 3827; baseline 0.002 -25"><span class='ocrx_word' id='word_1_221' title='bbox 527 3722 591 3821; x_wconf 65' lang='grc' dir='ltr'>(ς)</span> <span class='ocrx_word' id='word_1_222' title='bbox 615 3725 655 3798; x_wconf 82' lang='grc' dir='ltr'>δι</span> <span class='ocrx_word' id='word_1_223' title='bbox 679 3747 785 3799; x_wconf 87' lang='lat' dir='ltr'>nunc</span> <span class='ocrx_word' id='word_1_224' title='bbox 810 3747 886 3822; x_wconf 93' lang='lat' dir='ltr'>pro</span> <span class='ocrx_word' id='word_1_225' title='bbox 911 3727 1095 3800; x_wconf 84' lang='lat' dir='ltr'>masculis</span> <span class='ocrx_word' id='word_1_226' title='bbox 1118 3728 1299 3822; x_wconf 86' lang='lat' dir='ltr'>partibus</span> <span class='ocrx_word' id='word_1_227' title='bbox 1326 3725 1401 3825; x_wconf 88' lang='lat'>(6)</span> <span class='ocrx_word' id='word_1_228' title='bbox 1423 3729 1643 3813; x_wconf 82' lang='lat' dir='ltr'>venditata,</span> <span class='ocrx_word' id='word_1_229' title='bbox 1681 3740 1980 3827; x_wconf 82' lang='lat' dir='ltr'>componuntur</span> <span class='ocrx_word' id='word_1_230' title='bbox 2007 3752 2031 3804; x_wconf 88' lang='lat' dir='ltr'>e</span> <span class='ocrx_word' id='word_1_231' title='bbox 2061 3735 2227 3807; x_wconf 86' lang='lat' dir='ltr'>minutis</span> 
     </span>
     <span class='ocr_line' id='line_1_26' title="bbox 523 3840 2327 3952; baseline 0.006 -31"><span class='ocrx_word' id='word_1_232' title='bbox 523 3851 727 3943; x_wconf 72' lang='lat' dir='ltr'>granulis,</span> <span class='ocrx_word' id='word_1_233' title='bbox 751 3849 800 3924; x_wconf 92' lang='lat' dir='ltr'>de</span> <span class='ocrx_word' id='word_1_234' title='bbox 820 3847 1110 3942; x_wconf 83' lang='lat' dir='ltr'>squarnularurn</span> <span class='ocrx_word' id='word_1_235' title='bbox 1137 3874 1237 3924; x_wconf 86' lang='lat' dir='ltr'>mox</span> <span class='ocrx_word' id='word_1_236' title='bbox 1252 3850 1439 3937; x_wconf 67' lang='lat' dir='ltr'>dietarurn</span> <span class='ocrx_word' id='word_1_237' title='bbox 1461 3866 1620 3940; x_wconf 89' lang='lat' dir='ltr'>natura,</span> <span class='ocrx_word' id='word_1_238' title='bbox 1645 3859 1824 3929; x_wconf 89' lang='lat' dir='ltr'>utetiam</span> <span class='ocrx_word' id='word_1_239' title='bbox 1846 3856 1961 3930; x_wconf 89' lang='lat' dir='ltr'>ambo</span> <span class='ocrx_word' id='word_1_240' title='bbox 1977 3876 2227 3952; x_wconf 85' lang='lat' dir='ltr'>nequaquam</span> <span class='ocrx_word' id='word_1_241' title='bbox 2323 3840 2327 3847; x_wconf 40' lang='lat'>¹</span> 
     </span>
     <span class='ocr_line' id='line_1_27' title="bbox 526 3971 2225 4078; baseline 0.008 -31"><span class='ocrx_word' id='word_1_242' title='bbox 526 3974 679 4047; x_wconf 87' lang='lat' dir='ltr'>diversa</span> <span class='ocrx_word' id='word_1_243' title='bbox 717 3976 796 4073; x_wconf 86' lang='lat' dir='ltr'>ipse</span> <span class='ocrx_word' id='word_1_244' title='bbox 828 3971 1133 4051; x_wconf 77' lang='lat' dir='ltr'>Scuumeuus</span> <span class='ocrx_word' id='word_1_245' title='bbox 1162 3975 1230 4073; x_wconf 90' lang='lat'>(7)</span> <span class='ocrx_word' id='word_1_246' title='bbox 1258 3980 1482 4064; x_wconf 78' lang='lat' dir='ltr'>censuerit3</span> <span class='ocrx_word' id='word_1_247' title='bbox 1533 3991 1731 4078; x_wconf 87' lang='lat' dir='ltr'>praeterea</span> <span class='ocrx_word' id='word_1_248' title='bbox 1763 3992 1895 4055; x_wconf 87' lang='lat' dir='ltr'>autem</span> <span class='ocrx_word' id='word_1_249' title='bbox 1926 3985 2027 4056; x_wconf 89' lang='lat' dir='ltr'>varii</span> <span class='ocrx_word' id='word_1_250' title='bbox 2055 3985 2225 4069; x_wconf 91' lang='lat' dir='ltr'>coloris,</span> 
     </span>
     <span class='ocr_line' id='line_1_28' title="bbox 521 4098 2228 4207; baseline 0.006 -30"><span class='ocrx_word' id='word_1_251' title='bbox 521 4098 685 4180; x_wconf 83' lang='lat' dir='ltr'>viridis,</span> <span class='ocrx_word' id='word_1_252' title='bbox 717 4100 816 4173; x_wconf 91' lang='lat' dir='ltr'>lutei</span> <span class='ocrx_word' id='word_1_253' title='bbox 842 4100 972 4184; x_wconf 87' lang='lat' dir='ltr'>rubri,</span> <span class='ocrx_word' id='word_1_254' title='bbox 1003 4102 1074 4174; x_wconf 80' lang='lat' dir='ltr'>&amp;c</span> <span class='ocrx_word' id='word_1_255' title='bbox 1104 4127 1149 4175; x_wconf 88' lang='lat' dir='ltr'>ac</span> <span class='ocrx_word' id='word_1_256' title='bbox 1169 4105 1369 4178; x_wconf 88' lang='lat' dir='ltr'>variabilis</span> <span class='ocrx_word' id='word_1_257' title='bbox 1396 4105 1539 4179; x_wconf 86' lang='lat' dir='ltr'>indolis</span> <span class='ocrx_word' id='word_1_258' title='bbox 1561 4107 1667 4190; x_wconf 84' lang='lat' dir='ltr'>sunt,</span> <span class='ocrx_word' id='word_1_259' title='bbox 1706 4128 1796 4180; x_wconf 85' lang='lat' dir='ltr'>curn</span> <span class='ocrx_word' id='word_1_260' title='bbox 1818 4110 2010 4193; x_wconf 87' lang='lat' dir='ltr'>velante,</span> <span class='ocrx_word' id='word_1_261' title='bbox 2040 4113 2107 4185; x_wconf 88' lang='lat' dir='ltr'>vel</span> <span class='ocrx_word' id='word_1_262' title='bbox 2121 4108 2228 4207; x_wconf 82' lang='lat' dir='ltr'>post,</span> 
     </span>
     <span class='ocr_line' id='line_1_29' title="bbox 528 4224 2218 4333; baseline 0.006 -32"><span class='ocrx_word' id='word_1_263' title='bbox 528 4225 597 4301; x_wconf 87' lang='lat' dir='ltr'>vel</span> <span class='ocrx_word' id='word_1_264' title='bbox 622 4225 769 4318; x_wconf 88' lang='lat' dir='ltr'>absque</span> <span class='ocrx_word' id='word_1_265' title='bbox 808 4224 967 4300; x_wconf 84' lang='lat' dir='ltr'>seminis</span> <span class='ocrx_word' id='word_1_266' title='bbox 1003 4228 1082 4319; x_wconf 83' lang='lat'>(8)</span> <span class='ocrx_word' id='word_1_267' title='bbox 1116 4226 1328 4325; x_wconf 85' lang='lat' dir='ltr'>prodeant,</span> <span class='ocrx_word' id='word_1_268' title='bbox 1372 4233 1469 4323; x_wconf 90' lang='lat' dir='ltr'>quin</span> <span class='ocrx_word' id='word_1_269' title='bbox 1515 4231 1681 4306; x_wconf 88' lang='lat' dir='ltr'>alteruis</span> <span class='ocrx_word' id='word_1_270' title='bbox 1709 4233 1819 4333; x_wconf 25' lang='lat' dir='ltr'>‚saepe</span> <span class='ocrx_word' id='word_1_271' title='bbox 1850 4237 1967 4310; x_wconf 85' lang='lat' dir='ltr'>annis</span> <span class='ocrx_word' id='word_1_272' title='bbox 2008 4234 2218 4311; x_wconf 87' lang='lat' dir='ltr'>iubarum</span> 
     </span>
    </p>

    <p class='ocr_par' dir='ltr' id='par_1_4' title="bbox 2094 4361 2227 4437">
     <span class='ocr_line' id='line_1_30' title="bbox 2094 4361 2227 4437; baseline 0.023 -3"><span class='ocrx_word' id='word_1_273' title='bbox 2094 4361 2227 4437; x_wconf 86' lang='lat' dir='ltr'>locum</span> 
     </span>
    </p>
   </div>
   <div class='ocr_carea' id='block_1_4' title="bbox 570 4500 2234 4595">
    <p class='ocr_par' dir='ltr' id='par_1_5' title="bbox 570 4500 2234 4595">
     <span class='ocr_line' id='line_1_31' title="bbox 570 4500 2234 4595; baseline 0.011 -31"><span class='ocrx_word' id='word_1_274' title='bbox 570 4504 616 4581; x_wconf 84' lang='lat'>1.)</span> <span class='ocrx_word' id='word_1_275' title='bbox 635 4523 693 4581; x_wconf 81' lang='lat' dir='ltr'>gen</span> <span class='ocrx_word' id='word_1_276' title='bbox 710 4523 780 4565; x_wconf 82' lang='lat' dir='ltr'>nov.</span> <span class='ocrx_word' id='word_1_277' title='bbox 794 4516 815 4565; x_wconf 84' lang='lat' dir='ltr'>t.</span> <span class='ocrx_word' id='word_1_278' title='bbox 830 4522 859 4579; x_wconf 88' lang='lat'>4.</span> <span class='ocrx_word' id='word_1_279' title='bbox 889 4500 1033 4567; x_wconf 86' lang='lat' dir='ltr'>Lunular.</span> <span class='ocrx_word' id='word_1_280' title='bbox 1050 4507 1081 4568; x_wconf 82' lang='lat' dir='ltr'>F.</span> <span class='ocrx_word' id='word_1_281' title='bbox 1096 4509 1131 4570; x_wconf 84' lang='lat' dir='ltr'>G.</span> <span class='ocrx_word' id='word_1_282' title='bbox 1147 4509 1187 4568; x_wconf 89' lang='lat' dir='ltr'>H.</span> <span class='ocrx_word' id='word_1_283' title='bbox 1438 4513 1486 4593; x_wconf 83' lang='grc' dir='ltr'>ς.)</span> <span class='ocrx_word' id='word_1_284' title='bbox 1510 4513 1542 4572; x_wconf 90' lang='grc' dir='ltr'><strong><em>Μ</em></strong></span> <span class='ocrx_word' id='word_1_285' title='bbox 1553 4528 1563 4570; x_wconf 94' lang='lat'>1</span> <span class='ocrx_word' id='word_1_286' title='bbox 1576 4526 1595 4572; x_wconf 91' lang='lat' dir='ltr'>c</span> <span class='ocrx_word' id='word_1_287' title='bbox 1606 4525 1640 4571; x_wconf 81' lang='lat' dir='ltr'>u.</span> <span class='ocrx_word' id='word_1_288' title='bbox 1655 4531 1722 4589; x_wconf 79' lang='lat' dir='ltr'>gen.</span> <span class='ocrx_word' id='word_1_289' title='bbox 1739 4533 1768 4595; x_wconf 87' lang='lat' dir='ltr'>p.</span> <span class='ocrx_word' id='word_1_290' title='bbox 1785 4529 1878 4586; x_wconf 78' lang='lat'>5·¹0·</span> <span class='ocrx_word' id='word_1_291' title='bbox 1925 4518 2038 4578; x_wconf 73' lang='lat' dir='ltr'>Dru..</span> <span class='ocrx_word' id='word_1_292' title='bbox 2052 4536 2145 4577; x_wconf 82' lang='lat' dir='ltr'>must.</span> <span class='ocrx_word' id='word_1_293' title='bbox 2157 4533 2234 4595; x_wconf 83' lang='lat'><strong>479.</strong></span> 
     </span>
    </p>
   </div>
   <div class='ocr_carea' id='block_1_5' title="bbox 546 4620 2186 4765">
    <p class='ocr_par' dir='ltr' id='par_1_6' title="bbox 546 4620 2186 4765">
     <span class='ocr_line' id='line_1_32' title="bbox 546 4620 2186 4765; baseline 0.002 -83"><span class='ocrx_word' id='word_1_294' title='bbox 546 4676 551 4689; x_wconf 85' lang='grc'>,</span> <span class='ocrx_word' id='word_1_295' title='bbox 570 4682 613 4758; x_wconf 38' lang='grc' dir='ltr'>ι.)</span> <span class='ocrx_word' id='word_1_296' title='bbox 637 4672 754 4740; x_wconf 51' lang='grc' dir='ltr'>ΒΜ</span> <span class='ocrx_word' id='word_1_297' title='bbox 769 4676 806 4740; x_wconf 83' lang='lat' dir='ltr'>de</span> <span class='ocrx_word' id='word_1_298' title='bbox 818 4658 973 4761; x_wconf 39' lang='lat' dir='ltr'><strong>Junge-m·</strong></span> <span class='ocrx_word' id='word_1_299' title='bbox 993 4698 1023 4765; x_wconf 38' lang='lat' dir='ltr'>P·</span> <span class='ocrx_word' id='word_1_300' title='bbox 1041 4698 1089 4749; x_wconf 54' lang='lat' dir='ltr'><strong><em>m</em></strong></span> <span class='ocrx_word' id='word_1_301' title='bbox 1454 4662 1458 4667; x_wconf 82' lang='lat'><em>-</em></span> <span class='ocrx_word' id='word_1_302' title='bbox 1503 4620 1608 4680; x_wconf 82' lang='lat' dir='ltr'>L1uu.</span> <span class='ocrx_word' id='word_1_303' title='bbox 1626 4637 1693 4697; x_wconf 77' lang='lat' dir='ltr'>gen.</span> <span class='ocrx_word' id='word_1_304' title='bbox 1709 4626 1785 4693; x_wconf 75' lang='lat'><strong>1196.</strong></span> <span class='ocrx_word' id='word_1_305' title='bbox 1815 4626 1951 4686; x_wconf 80' lang='lat' dir='ltr'>Annus.</span> <span class='ocrx_word' id='word_1_306' title='bbox 1969 4621 2041 4691; x_wconf 77' lang='lat' dir='ltr'>fam.</span> <span class='ocrx_word' id='word_1_307' title='bbox 2058 4643 2084 4687; x_wconf 78' lang='lat' dir='ltr'>a.</span> <span class='ocrx_word' id='word_1_308' title='bbox 2103 4645 2133 4709; x_wconf 89' lang='lat' dir='ltr'>p.</span> <span class='ocrx_word' id='word_1_309' title='bbox 2148 4641 2186 4698; x_wconf 84' lang='grc' dir='ltr'>ις.</span> 
     </span>
    </p>
   </div>
   <div class='ocr_carea' id='block_1_6' title="bbox 1438 4752 1867 4839">
    <p class='ocr_par' dir='ltr' id='par_1_7' title="bbox 1438 4752 1867 4839">
     <span class='ocr_line' id='line_1_33' title="bbox 1438 4752 1867 4839; baseline 0.012 -23"><span class='ocrx_word' id='word_1_310' title='bbox 1438 4756 1485 4837; x_wconf 83' lang='lat'>6.)</span> <span class='ocrx_word' id='word_1_311' title='bbox 1507 4757 1658 4818; x_wconf 70' lang='lat' dir='ltr'>Senum.</span> <span class='ocrx_word' id='word_1_312' title='bbox 1679 4752 1699 4818; x_wconf 87' lang='lat' dir='ltr'>l.</span> <span class='ocrx_word' id='word_1_313' title='bbox 1722 4777 1747 4817; x_wconf 85' lang='lat' dir='ltr'>c.</span> <span class='ocrx_word' id='word_1_314' title='bbox 1768 4777 1797 4839; x_wconf 90' lang='lat' dir='ltr'>p.</span> <span class='ocrx_word' id='word_1_315' title='bbox 1819 4776 1867 4834; x_wconf 83' lang='lat'>24.</span> 
     </span>
    </p>
   </div>
   <div class='ocr_carea' id='block_1_7' title="bbox 569 4844 1702 4973">
    <p class='ocr_par' dir='ltr' id='par_1_8' title="bbox 569 4844 1702 4973">
     <span class='ocr_line' id='line_1_34' title="bbox 569 4844 1702 4973; baseline 0.002 -20"><span class='ocrx_word' id='word_1_316' title='bbox 569 4851 610 4929; x_wconf 56' lang='lat'>³⁹</span> <span class='ocrx_word' id='word_1_317' title='bbox 633 4844 653 4908; x_wconf 92' lang='lat'>¹·</span> <span class='ocrx_word' id='word_1_318' title='bbox 676 4868 700 4908; x_wconf 64' lang='lat'>⁹·</span> <span class='ocrx_word' id='word_1_319' title='bbox 725 4869 754 4930; x_wconf 77' lang='lat' dir='ltr'>P·</span> <span class='ocrx_word' id='word_1_320' title='bbox 778 4867 825 4911; x_wconf 76' lang='lat'>²⁰·</span> <span class='ocrx_word' id='word_1_321' title='bbox 876 4850 891 4864; x_wconf 78' lang='grc'>”</span> <span class='ocrx_word' id='word_1_322' title='bbox 1439 4893 1484 4973; x_wconf 71' lang='lat'>7.)</span> <span class='ocrx_word' id='word_1_323' title='bbox 1510 4894 1610 4953; x_wconf 62' lang='lat' dir='ltr'>rora.</span> <span class='ocrx_word' id='word_1_324' title='bbox 1634 4889 1654 4955; x_wconf 90' lang='lat'>1.</span> <span class='ocrx_word' id='word_1_325' title='bbox 1677 4913 1702 4955; x_wconf 63' lang='lat' dir='ltr'>e.</span> 
     </span>
    </p>
   </div>
   <div class='ocr_carea' id='block_1_8' title="bbox 570 5012 1846 5115">
    <p class='ocr_par' dir='ltr' id='par_1_9' title="bbox 570 5012 1846 5115">
     <span class='ocr_line' id='line_1_35' title="bbox 570 5012 1846 5115; baseline 0.015 -40"><span class='ocrx_word' id='word_1_326' title='bbox 570 5020 615 5097; x_wconf 81' lang='lat'>4.)</span> <span class='ocrx_word' id='word_1_327' title='bbox 637 5012 657 5077; x_wconf 94' lang='grc' dir='ltr'>Ι.</span> <span class='ocrx_word' id='word_1_328' title='bbox 681 5037 706 5077; x_wconf 83' lang='lat' dir='ltr'>e.</span> <span class='ocrx_word' id='word_1_329' title='bbox 731 5037 771 5077; x_wconf 81' lang='lat' dir='ltr'>ta.</span> <span class='ocrx_word' id='word_1_330' title='bbox 1434 5027 1479 5109; x_wconf 75' lang='lat'>8.)</span> <span class='ocrx_word' id='word_1_331' title='bbox 1506 5029 1637 5091; x_wconf 71' lang='lat' dir='ltr'>Konta.</span> <span class='ocrx_word' id='word_1_332' title='bbox 1660 5026 1681 5092; x_wconf 87' lang='lat' dir='ltr'>l.</span> <span class='ocrx_word' id='word_1_333' title='bbox 1706 5050 1730 5091; x_wconf 79' lang='lat' dir='ltr'>e.</span> <span class='ocrx_word' id='word_1_334' title='bbox 1752 5049 1782 5115; x_wconf 89' lang='lat' dir='ltr'>p.</span> <span class='ocrx_word' id='word_1_335' title='bbox 1806 5049 1846 5094; x_wconf 84' lang='lat'>12.</span> 
     </span>
    </p>
   </div>
   <div class='ocr_carea' id='block_1_9' title="bbox 0 0 2445 6052">
    <p class='ocr_par' dir='ltr' id='par_1_10' title="bbox 0 0 2445 6052">
     <span class='ocr_line' id='line_1_36' title="bbox 0 0 2445 6052; baseline 0 0"><span class='ocrx_word' id='word_1_336' title='bbox 0 0 2445 6052; x_wconf 95' lang='lat' dir='ltr'> </span> 
     </span>
    </p>
   </div>
  </div>
 </body>
</html>
