4852 6062
515 534 546 584 n
1219 512 1526 578 ====

517 737 687 818 gemmae
708 719 919 797 smmum
937 721 1111 807 interna,
1149 724 1173 797 i.
1188 746 1223 801 o
1242 736 1298 799 ex
1316 724 1402 805 solo
1418 722 1569 797 cortice
1591 719 1631 796 dr
1651 736 1771 795 carne
1794 719 1985 814 constan,
2006 740 2084 795 nec
2106 718 2219 815 quid·

517 851 746 943 quaminiis
765 848 1008 944 reperiatur,
1027 848 1134 942 quod
1145 849 1357 925 ullomodo
1374 874 1464 925 cum
1479 849 1693 932 albumine‚
1708 847 1869 931 vitello,
1896 846 2223 942 cotyledouibus,

517 988 586 1050 aut
607 976 681 1047 alia
701 995 938 1068 quacunque
961 974 1007 1047 ad
1030 975 1318 1051 alimentariam
1336 978 1571 1072 embryonis
1591 977 1792 1049 officinam
1807 969 2004 1070 spectante
2028 973 2222 1070 particula

519 1100 636 1199 poffit
656 1101 901 1196 comparari3
939 1102 1031 1191 quia
1054 1104 1185 1176 omnis
1207 1125 1379 1197 gemma,
1425 1102 1516 1200 iplis
1536 1103 1759 1178 visceribus
1778 1102 1972 1176 maternis
1991 1103 2141 1182 innata,
2167 1120 2224 1172 ex

519 1227 720 1301 communi
731 1226 917 1299 omuibus
932 1224 1213 1303 alimentorum
1228 1250 1336 1328 penu
1347 1231 1545 1312 nutritur,
1571 1236 1741 1321 augetur
1755 1236 1875 1319 atque
1885 1228 2039 1300 crescit.
2089 1222 2224 1318 Quod·

519 1373 678 1448 cunque
702 1354 825 1446 igitur
851 1356 1151 1450 propagationis
1176 1377 1360 1449 organon
1391 1354 1471 1429 istis
1500 1375 1670 1448 gemmae
1690 1354 1821 1451 privis
1854 1351 2013 1427 dotibus
2038 1350 2228 1449 stipatum

519 1478 558 1552 tr
575 1476 676 1554 ditia
692 1482 847 1555 ratione
863 1478 1079 1553 formatum
1097 1480 1239 1564 fuerit,
1265 1482 1303 1554 id
1316 1502 1479 1575 quoque
1493 1481 1664 1575 gemmis
1678 1481 1757 1552 erit
1770 1477 2049 1563 allociandum,
2074 1478 2224 1553 etiamli

519 1607 617 1681 facie
636 1605 704 1679 lua
726 1615 899 1680 externa
920 1629 942 1678 a
961 1607 1198 1700 vulgaribus
1220 1608 1389 1701 gemmis
1408 1615 1503 1698 toto¹
1516 1599 1621 1677 coelo
1641 1604 1770 1690 distet,
1796 1605 2076 1699 &genuinum
2097 1604 2224 1699 quod-

517 1733 611 1808 dam
631 1732 764 1804 semen
791 1730 839 1803 ad
861 1731 1037 1806 amuliim
1058 1734 1342 1832 repraesentet:
1367 1730 1532 1807 vicilsrm
1556 1755 1660 1809 vero
1678 1754 1797 1807 omne
1815 1731 1872 1815 id,
1898 1733 2012 1808 veris
2032 1753 2225 1806 armume·

522 1859 677 1933 rabitur
692 1857 923 1950 seminibus,
957 1859 1064 1951 quod
1082 1864 1304 1935 contrarias
1320 1861 1439 1936 habet
1453 1859 1664 1952 qualitates
1677 1882 1723 1932 ac
1738 1861 1848 1949 ‚intra
1862 1859 2035 1934 tunicam
2049 1863 2225 1954 integer·

519 1983 668 2056 rimam
690 1983 873 2059 nucleum
896 1985 1031 2060 condit
1054 2009 1110 2062 ex
1133 1988 1314 2085 partibus
1337 1988 1620 2079 heterogeneis
1641 1987 1827 2078 organice
1850 1981 2063 2075 struimur,
2088 1982 2163 2091 ‘vel
2180 1989 2225 2055 et

524 2106 697 2182 radicula
722 2115 888 2212 propria
913 2112 1113 2187 dotatum:
1142 2137 1234 2188 nam
1256 2135 1412 2188 merum
1435 2112 1708 2186 rudimentum
1732 2108 1933 2215 radiculae,
1960 2112 2064 2182 intra
2085 2105 2226 2181 testam

524 2234 763 2332 conspicuae,
796 2237 997 2312 infallibile
1031 2242 1121 2316 veri
1142 2241 1301 2316 seminis
1323 2238 1478 2332 iignum
1505 2238 1574 2312 est.
1636 2236 1776 2332 Atque
1800 2235 1852 2309 sse
1870 2230 1952 2330 jam
1975 2234 2144 2333 propius
2178 2228 2227 2304 ad

525 2362 738 2436 certiorem
763 2361 803 2438 dr
822 2362 1040 2439 faciliorem
1059 2365 1205 2441 horum
1232 2386 1475 2462 organorum
1504 2361 1788 2439 distinttionem
1813 2357 2052 2443 acceliimus
2111 2356 2225 2453 Quo·

525 2487 632 2560 niam
661 2508 765 2563 vero
796 2489 900 2565 haud
927 2514 1052 2589 pauca
1079 2515 1223 2567 eorum
1245 2492 1344 2568 adeo
1374 2490 1586 2585 exquisitae
1605 2491 1694 2565 sunt
1724 2490 1965 2587 parvitatis,
1998 2496 2045 2559 ut
2071 2486 2229 2559 interna

526 2635 668 2689 eorum
687 2616 1019 2692 sabrica‘omnem
1040 2620 1249 2694 oculorum
1275 2616 1442 2712 effugiat
1466 2619 1610 2702 aciem,
1634 2616 1820 2690 ultimum
1842 2612 2044 2688 confilium
2067 2616 2106 2687 ln
2129 2634 2228 2689 evo·

526 2741 679 2819 lutione
693 2745 867 2841 partium
883 2745 962 2822 crit
974 2744 1259 2839 quaerendum,
1282 2744 1311 2819 li
1325 2744 1487 2840 quidem
1500 2745 1549 2818 ab
1563 2744 1672 2818 omni
1691 2763 1835 2817 errore
1857 2741 1934 2814 tuti
1948 2735 2027 2813 elle
2042 2739 2228 2817 velimus

626 2984 823 3061 Evolutio
837 3007 1086 3081 gemmarum
1106 2990 1164 3066 est
1181 2989 1400 3066 earundum
1418 2986 1610 3065 transitus
1624 2991 1662 3062 in
1679 2987 1821 3064 statum
1838 2988 1986 3086 plantae
2000 2983 2232 3068 declarata,

528 3109 734 3207 postquam
749 3136 772 3187 a
787 3126 914 3188 matre
930 3116 996 3189 sua
1010 3138 1250 3212 quocunque
1266 3114 1384 3190 modo
1399 3115 1589 3214 separatae
1603 3110 1826 3211 &suijuris
1840 3109 1952 3186 factae
1972 3111 2073 3186 sunt.
2123 3107 2230 3207 Ope·

529 3247 643 3311 ratur
660 3239 747 3313 haec
765 3242 932 3315 mutatio
948 3264 969 3313 a
985 3244 1084 3317 vitae
1095 3243 1249 3318 viribus
1261 3265 1335 3340 per
1344 3247 1664 3337 vegetationem,
1692 3263 1790 3336 qua,
1813 3237 1853 3312 δι
1865 3258 1986 3312 novae
2004 3239 2041 3309 in
2059 3236 2232 3330 gemmis

529 3366 758 3440 excitantur
775 3378 937 3464 partes,
963 3366 1193 3466 &pristinae
1214 3368 1456 3468 potiliimum
1476 3377 1597 3464 atque
1610 3369 1788 3466 propriae
1804 3367 1857 3439 ita
1873 3367 1913 3438 in
1928 3364 2057 3439 lucem
2073 3385 2232 3462 ponun-

530 3497 616 3574 tur,
641 3498 689 3564 ut
709 3511 809 3565 vera
822 3490 1062 3586 lingularum
1086 3504 1221 3590 pateat
1237 3496 1390 3572 indoles
1412 3505 1531 3590 atque
1545 3503 1697 3567 natura.
1748 3490 1859 3566 Hinc
1877 3512 1959 3564 non
1977 3491 2066 3564 aliae
2083 3490 2232 3563 haben·
2345 3592 2348 3601 1

531 3622 600 3688 tur
627 3621 754 3710 magis
780 3618 872 3693 fidae
901 3641 1146 3713 organorum
1173 3623 1476 3720 propagationis
1501 3629 1610 3696 notae
1635 3614 1885 3703 distinstivae,
1913 3639 2030 3713 quam
2060 3639 2151 3711 quae
2173 3639 2234 3692 ex

529 3742 751 3818 eorundem
769 3740 1000 3821 evolutione
1014 3745 1164 3831 fluunt,
1191 3751 1378 3842 quoniam
1392 3770 1473 3822 non
1487 3750 1564 3822 aiio
1577 3745 1695 3821 modo
1711 3748 1839 3822 tutius
1853 3748 2082 3835 certiusque
2099 3722 2236 3840 partes

496 3972 499 3979 ν
531 3868 651 3943 vivas
666 3870 713 3944 ab
728 3870 970 3956 inanimatis,
995 3893 1040 3945 ac
1053 3882 1246 3967 vegetans
1260 3877 1578 3970 integumentum
1598 3872 1787 3947 corticale
1809 3892 1979 3966 gemmae
1996 3870 2046 3946 ab
2062 3866 2235 3943 inerti&

529 3989 663 4069 fluxili
675 4001 808 4070 tunica
823 3998 988 4094 propria
1004 3996 1164 4074 leminis
1179 4000 1407 4077 discernere
1433 4003 1538 4075 licet.

531 4296 536 4301 -
634 4232 746 4316 Solae
771 4259 917 4336 nempe
943 4247 1082 4335 partes
1110 4241 1273 4327 vitales,
1309 4245 1349 4317 in
1375 4242 1562 4373 univgrsa
1589 4238 2022 4336 machina'vqetabili,
2055 4240 2236 4320 sincerus

535 4367 611 4441 lcii.
623 4374 770 4440 cortex
787 4374 905 4457 atque
919 4386 1061 4440 recens
1081 4390 1176 4443 caro
1198 4374 1287 4446 veri
1306 4372 1541 4445 incrementi
1552 4377 1671 4462 atque
1685 4369 1934 4465 evolutionis
1950 4390 2114 4466 capaces
2126 4368 2234 4457 sunt,

534 4513 679 4568 omnes
694 4500 828 4565 autem
847 4489 1035 4585 reliquae,
1059 4488 1334 4591 cujuscunque
1356 4497 1498 4592 figurae
1513 4505 1583 4570 aut
1597 4494 1756 4570 fabricae
1772 4496 1945 4580 fuerint,
1971 4495 2126 4571 nonnilr
2150 4495 2235 4573 ista·

535 4642 626 4693 rum
640 4619 833 4693 beneficio
848 4618 1047 4694 vivunt&
1058 4623 1218 4697 tamdiu
1234 4624 1369 4698 mitem
1387 4647 1461 4722 per
1479 4623 1568 4697 illas
1585 4625 1728 4715 vigent
1740 4631 1860 4718 atquc
1874 4631 2084 4706 crescunt,
2107 4622 2237 4696 donec

534 4746 744 4820 delinitum
765 4744 913 4819 moduli
927 4746 984 4819 lul
1003 4747 1210 4842 attigerint
1227 4750 1463 4832 terminum,
1495 4746 1628 4847 postea
1647 4769 1749 4824 vero
1769 4752 1922 4823 inertes
1941 4748 1982 4823 dt
2002 4748 2109 4844 quasi
2126 4771 2234 4822 mor-

537 4882 620 4946 tuae
639 4869 743 4945 fiunt
768 4894 812 4946 ac
832 4870 985 4947 nullum
1008 4876 1179 4973 amplius
1199 4898 1274 4976 per
1298 4877 1595 4970 vegetationem
1624 4885 1693 4950 aut
1708 4877 2047 4973 germinationem
2074 4876 2235 4972 capiunt

2111 5021 2236 5074 incre·
