4878 6064
942 464 1256 543 ----·’·”
1532 516 1538 533 ·
1814 496 1951 555 ccxix

399 703 579 805 digitulo,
608 699 724 786 valde
747 702 838 784 sunt
858 709 1143 808 infrequentia,
1173 709 1239 788 sed
1258 710 1336 788 rite
1363 696 1571 813 conspicua
1589 704 1635 789 in'
1653 707 1949 812 Hippocastano

451 832 689 935 &Lupiam
899 836 902 845 “
1922 892 1927 901 .

395 998 627 1072 coacervata,
661 991 826 1086 proprie
853 989 902 1065 ad
926 985 1134 1087 multijuga
1156 994 1362 1089 pertinere
1386 989 1596 1074 videntur,
1620 998 1662 1065 at
1693 980 1827 1066 foliola
1850 990 1949 1067 adeo

450 1110 559 1191 artie
589 1111 886 1208 conglomerata
910 1114 950 1193 &
975 1115 1129 1215 stipulis
1153 1115 1285 1191 forsan
1314 1119 1548 1195 intermixta
1564 1115 1673 1208 sunt,
1697 1126 1745 1192 ut
1768 1118 1809 1189 in
1841 1125 1952 1191 tanta

452 1244 628 1343 partium
646 1241 812 1315 minutia
832 1241 882 1316 ab
895 1244 1067 1319 invicem
1083 1239 1265 1336 distingui
1278 1254 1505 1339 nequeant:
1531 1245 1571 1319 in
1590 1239 1792 1339 Lathyro,
1819 1242 1949 1329 Vicia,

453 1366 597 1464 Ervo,
621 1364 926 1467 Ceratophyllo.

348 1575 484 1679 Scopas
497 1580 625 1657 multo
637 1578 892 1673 frequentius
911 1598 1029 1671 quam
1046 1578 1225 1678 plumula
1240 1579 1318 1678 ipsa
1334 1576 1484 1663 deficit,
1512 1562 1746 1678 &plerique
1760 1577 1950 1675 embryo-

251 1724 326 1782 nes
344 1710 508 1805 penitus
523 1703 679 1781 acaules
705 1704 806 1782 sunt
857 1702 1143 1784 Caulescentes
1162 1715 1295 1781 tamen
1314 1705 1390 1780 dici
1407 1705 1583 1804 poliunt,
1608 1706 1678 1799 qui
1702 1703 1953 1802 praelongam

251 1832 400 1907 habent
418 1832 657 1915 radiculam,
683 1818 902 1930 praesertim
917 1832 1101 1909 deorsum
1116 1814 1299 1907 nonnihil
1312 1814 1635 1934 craffescentem,
1661 1839 1709 1906 ut
1720 1832 1769 1926 in
1789 1824 1953 1914 Sariffo,

235 1954 413 2044 'Cestro,
436 1956 709 2055 Anguillaria3
735 1967 805 2033 aut
820 1961 1018 2054 inquibus
1040 1956 1302 2057 cotyledones
1320 1936 1595 2067 intercedente
1610 1957 1810 2052 graciliori
1824 1956 1954 2056 stipite

252 2105 277 2156 a
299 2084 580 2161 tumidiuscula
607 2084 781 2161 radicula
806 2086 1028 2184 capitellata
1054 2066 1231 2162 discretae
1258 2066 1369 2169 sunt,
1396 2091 1460 2159 ut
1493 2087 1534 2158 in
1567 2084 1702 2169 Visco,
1736 2080 1954 2167 Gardenia,
1981 2106 1983 2111 ·

254 2194 538 2308 opercularia,
568 2211 764 2296 Berberi,
795 2212 836 2287 δι
861 2210 981 2287 instar
1014 2214 1192 2287 omnium
1222 2215 1264 2285 in
1290 2210 1528 2287 Rhizobolo.
1578 2206 1660 2287 Sed
1686 2213 1728 2284 in
1750 2210 1955 2308 plerisque

205 2380 210 2387 ι
254 2339 353 2414 certi
372 2338 522 2413 limites
547 2340 652 2412 inter
669 2338 792 2413 caulis
811 2337 934 2414 finem
955 2346 998 2413 et
1012 2336 1200 2413 radiculae
1216 2340 1373 2412 initium
1393 2358 1476 2412 non
1502 2335 1649 2412 dantur
1672 2345 1792 2431 atque
1812 2354 1956 2411 omnes

254 2462 341 2539 fere
367 2463 423 2537 illi
446 2462 569 2561 scapi,
595 2464 663 2537 sub
681 2464 986 2558 germinatione.
1010 2467 1185 2539 niaxima
1200 2464 1256 2538 sui
1276 2452 1399 2562 parte
1414 2462 1518 2539 infra
1540 2473 1691 2540 terram
1715 2460 1957 2538 descendunt

255 2589 294 2665 &
313 2592 353 2663 in
369 2610 507 2665 veram
531 2586 702 2664 radicem
721 2597 1032 2666 convertuntur:
1058 2611 1182 2686 quare
1195 2592 1329 2665 omnis
1345 2608 1442 2688 pars
1463 2589 1699 2685 embryonis
1719 2588 1824 2663 infra
1843 2594 1956 2683 coty-

254 2713 422 2790 ledones
437 2712 580 2813 posrta,
605 2715 755 2809 absque
772 2714 901 2790 multo
921 2738 1065 2791 errore
1080 2714 1265 2790 radiculis
1285 2715 1541 2791 annumerari
1563 2717 1724 2813 poterit
1772 2712 1957 2788 Multum

255 2862 425 2937 quoque.
436 2839 798 2915 nmilitudiniscum
812 2839 991 2916 filiformi
1007 2842 1244 2943 embryonis
1266 2820 1644 2937 monocotyledonei
1663 2841 1776 2941 scapo
1794 2835 1957 2919 Stolones

254 2970 280 3044 l.
303 2964 475 3046 Tariones'
491 2970 546 3042 illi
561 2962 735 3065 balbipari
747 2967 910 3051 habent,
936 2968 1040 3061 quie
1054 2970 1368 3062 germinantibus
1378 2967 1610 3054 Phoenicis,
1635 2965 1852 3052 Bulbines,
1878 2963 1958 3041 0r·.
1988 2982 1996 3010 '¹

256 3094 469 3192 nithogali,
499 3092 746 3188 aliarumque
773 3088 988 3171 feminibus
1009 3094 1235 3195 prodeunt,
1270 3096 1311 3171 ἃ
1336 3116 1440 3192 quos
1459 3105 1551 3174 ante
1582 3094 1915 3198 germinationem
1935 3115 1960 3166 a

256 3246 359 3301 vero
382 3222 608 3317 embryone
624 3218 965 3313 distinguere‘non
978 3222 1082 3295 licet.
1130 3218 1191 3296 At
1202 3223 1388 3316 quoniam
1406 3221 1480 3307 illi,
1505 3222 1585 3297 sola
1602 3221 1669 3296 sua
1683 3222 1808 3296 altera
1820 3228 1960 3295 extre-

257 3324 418 3435 mitate,
438 3358 558 3426 extra
574 3342 955 3434 semenefferuntur
967 3356 1009 3422 et
1026 3371 1082 3422 ex
1096 3340 1263 3422 bulboso
1281 3347 1350 3423 suo
1372 3349 1455 3424 fine
1471 3370 1577 3423 nova
1588 3347 1728 3423 foliola
1744 3365 1957 3440 novasque

257 3476 452 3552 radiculas
470 3482 684 3573 promunt,
710 3471 836 3547 altera
860 3483 992 3550 autem
1012 3476 1117 3548 intra
1138 3474 1322 3552 albumen
1345 3483 1510 3551 manent
1536 3472 1706 3549 demerfi
1728 3473 1767 3549 ἃ
1788 3493 1960 3546 unacum

256 3604 335 3679 hoc
350 3601 510 3679 demum
529 3601 604 3673 toti
622 3620 645 3670 a
660 3598 838 3697 plantula
853 3600 1028 3674 seminali
1044 3597 1303 3676 destruuntur
1320 3601 1360 3676 ἃ
1378 3605 1419 3676 in
1442 3602 1554 3677 suum
1577 3603 1872 3677 nutrimentum
1896 3619 1961 3670 ce·

255 3731 374 3806 dunt:
402 3727 489 3801 ideo
504 3747 664 3820 quoque
679 3723 925 3801 manifestum
946 3725 1023 3810 est,
1048 3723 1154 3820 quod
1176 3725 1234 3801 isti
1250 3723 1442 3803 Stolones
1460 3726 1671 3800 secundum
1684 3728 1881 3820 rigorem,
1895 3744 1962 3797 ne·

256 3853 393 3951 quead
404 3852 687 3948 embryonem,
702 3873 835 3946 neque
850 3847 1024 3925 adullam
1040 3859 1197 3949 partem
1213 3853 1250 3924 ei
1260 3855 1464 3950 propriam
1481 3850 1648 3934 referri,
1674 3850 1738 3925 sed
1750 3870 1825 3949 pro
1840 3868 1962 3946 pecu·

256 3984 345 4057 liari
367 3981 520 4056 viscere
544 3978 682 4053 haberi
703 3975 887 4063 debeant,
913 3979 976 4051 cui
997 3977 1185 4075 proxima
1199 3975 1247 4052 iit
1267 3998 1358 4052 cum
1381 3975 1531 4055 Vitello
1551 3975 1731 4052 affinitas.

272 4200 277 4207 ·
356 4159 533 4242 Radicula
562 4162 750 4258 denique,
783 4185 866 4238 non
888 4170 1042 4239 tantum
1072 4164 1311 4261 embryonis
1333 4161 1399 4237 sed
1421 4162 1461 4236 dr
1490 4164 1617 4237 totius
1638 4161 1768 4237 nuclei
1791 4177 1885 4257 pars
1906 4154 1965 4230 est

259 4292 380 4388 longe
400 4288 719 4372 constantissima,
744 4289 933 4387 liquidem
950 4294 990 4365 in
1009 4294 1057 4366 iis
1078 4293 1196 4366 etiam
1222 4289 1433 4363 seminibus
1450 4292 1696 4387 reperiatur,
1721 4287 1864 4381 quibus
1879 4303 1966 4358 orn·

262 4442 314 4494 ne
328 4419 677 4523 aliudembryonis
694 4415 901 4509 vestigium
921 4415 1038 4493 deest.
1093 4411 1266 4516 Semper
1286 4413 1457 4490 solitaria
1475 4418 1671 4506 occurrit,
1696 4424 1967 4513 praeterquam

263 4549 302 4619 iu
323 4545 533 4620 seminibus
557 4540 735 4627 Secales‚
762 4540 903 4615 Tritici
923 4550 1043 4636 atque
1063 4540 1243 4635 Hordei,
1270 4540 1414 4636 quibus
1435 4540 1545 4625 iolis,
1573 4545 1612 4616 in
1636 4538 1848 4618 valtissimo
1872 4556 1967 4630 cog·

259 4674 438 4746 nitorum
465 4672 658 4747 seminum
680 4670 857 4762 agmine,
882 4676 1036 4751 ternae,
1063 4650 1289 4763 quaternae,
1315 4677 1385 4739 aut
1410 4646 1514 4740 senae
1545 4664 1749 4756 radiculae,
1779 4667 1856 4737 rite
1888 4660 1969 4734 for-

259 4808 378 4873 matae
395 4797 434 4872 δι
450 4799 552 4873 bene
567 4820 590 4870 a
607 4798 646 4871 se
667 4796 840 4871 invicem
860 4792 1058 4889 discretae,
1083 4794 1131 4870 ad
1153 4792 1350 4889 singulum
1369 4793 1634 4887 embryonem
1654 4786 1842 4863 conceffae
1868 4787 1968 4859 sunt.

246 4924 461 5002 'Omnibus
489 4932 624 5002 cetera
636 4923 796 5000 dotibus
813 4943 904 4999 cum
925 4918 1007 5019 ipso
1024 4920 1249 5016 embryone
1263 4920 1448 5013 congruit
1463 4917 1667 5025 radicula,¹
1681 4909 1795 5012 cujus
1814 4914 1971 5012 semper

1160 5068 1192 5141 y
1755 5039 1972 5113 maximam
