<?xml version="1.0" encoding="UTF-8"?>
<!DOCTYPE html PUBLIC "-//W3C//DTD XHTML 1.0 Transitional//EN"
    "http://www.w3.org/TR/xhtml1/DTD/xhtml1-transitional.dtd">
<html xmlns="http://www.w3.org/1999/xhtml" xml:lang="en" lang="en">
 <head>
  <title>
</title>
<meta http-equiv="Content-Type" content="text/html;charset=utf-8" />
  <meta name='ocr-system' content='tesseract 3.04.00' />
  <meta name='ocr-capabilities' content='ocr_page ocr_carea ocr_par ocr_line ocrx_word'/>
</head>
<body>
  <div class='ocr_page' id='page_1' title='image "./defructibusetse00gaergoog_0189.png"; bbox 0 0 4878 6064; ppageno 0'>
   <div class='ocr_carea' id='block_1_1' title="bbox 376 479 1497 543">
    <p class='ocr_par' dir='ltr' id='par_1_1' title="bbox 376 479 1497 543">
     <span class='ocr_line' id='line_1_1' title="bbox 376 479 1497 543; baseline 0.002 -6"><span class='ocrx_word' id='word_1_1' title='bbox 376 520 382 526; x_wconf 92' lang='lat'>-</span> <span class='ocrx_word' id='word_1_2' title='bbox 475 479 594 537; x_wconf 71' lang='lat' dir='ltr'><strong>CLXX</strong></span> <span class='ocrx_word' id='word_1_3' title='bbox 1187 481 1497 543; x_wconf 39' lang='grc' dir='ltr'>α</span> 
     </span>
    </p>
   </div>
   <div class='ocr_carea' id='block_1_2' title="bbox 478 642 2184 913">
    <p class='ocr_par' dir='ltr' id='par_1_2' title="bbox 478 642 2184 913">
     <span class='ocr_line' id='line_1_2' title="bbox 478 642 2184 787; baseline -0.012 -12"><span class='ocrx_word' id='word_1_4' title='bbox 478 696 697 777; x_wconf 86' lang='lat' dir='ltr'><strong>maximam</strong></span> <span class='ocrx_word' id='word_1_5' title='bbox 710 688 999 787; x_wconf 80' lang='lat' dir='ltr'><strong>eliioitpartem</strong></span> <span class='ocrx_word' id='word_1_6' title='bbox 1014 686 1236 786; x_wconf 79' lang='lat' dir='ltr'><strong>propriam,</strong></span> <span class='ocrx_word' id='word_1_7' title='bbox 1259 690 1369 766; x_wconf 85' lang='lat' dir='ltr'><strong>unde</strong></span> <span class='ocrx_word' id='word_1_8' title='bbox 1391 690 1510 765; x_wconf 86' lang='lat' dir='ltr'><strong>etiam</strong></span> <span class='ocrx_word' id='word_1_9' title='bbox 1523 682 1622 760; x_wconf 90' lang='lat' dir='ltr'><strong>nihil</strong></span> <span class='ocrx_word' id='word_1_10' title='bbox 1637 683 1678 760; x_wconf 91' lang='lat' dir='ltr'><strong>in</strong></span> <span class='ocrx_word' id='word_1_11' title='bbox 1695 705 1742 759; x_wconf 87' lang='lat' dir='ltr'><strong>ea</strong></span> <span class='ocrx_word' id='word_1_12' title='bbox 1759 642 1918 763; x_wconf 81' lang='lat' dir='ltr'><strong>seorsim</strong></span> <span class='ocrx_word' id='word_1_13' title='bbox 1933 677 2184 757; x_wconf 84' lang='lat' dir='ltr'><strong>consideran-</strong></span> 
     </span>
     <span class='ocr_line' id='line_1_3' title="bbox 479 807 1623 913; baseline -0.011 -14"><span class='ocrx_word' id='word_1_14' title='bbox 479 820 574 898; x_wconf 88' lang='lat' dir='ltr'><strong>dum</strong></span> <span class='ocrx_word' id='word_1_15' title='bbox 594 819 793 902; x_wconf 89' lang='lat' dir='ltr'><strong>occurrit,</strong></span> <span class='ocrx_word' id='word_1_16' title='bbox 819 824 1092 913; x_wconf 71' lang='lat' dir='ltr'><strong>praeterquam</strong></span> <span class='ocrx_word' id='word_1_17' title='bbox 1106 807 1196 910; x_wconf 85' lang='lat' dir='ltr'><strong>ejus</strong></span> <span class='ocrx_word' id='word_1_18' title='bbox 1218 816 1350 913; x_wconf 85' lang='lat' dir='ltr'><strong>ligura</strong></span> <span class='ocrx_word' id='word_1_19' title='bbox 1370 827 1490 913; x_wconf 89' lang='lat' dir='ltr'><strong>atque</strong></span> <span class='ocrx_word' id='word_1_20' title='bbox 1512 811 1623 887; x_wconf 76' lang='lat' dir='ltr'><strong>situs.</strong></span> 
     </span>
    </p>
   </div>
   <div class='ocr_carea' id='block_1_3' title="bbox 480 1018 2212 3288">
    <p class='ocr_par' dir='ltr' id='par_1_3' title="bbox 480 1018 2212 3288">
     <span class='ocr_line' id='line_1_4' title="bbox 577 1018 2186 1133; baseline -0.009 -22"><span class='ocrx_word' id='word_1_21' title='bbox 577 1033 731 1130; x_wconf 81' lang='lat' dir='ltr'><strong>Figura</strong></span> <span class='ocrx_word' id='word_1_22' title='bbox 745 1030 924 1109; x_wconf 90' lang='lat' dir='ltr'><strong>omnium</strong></span> <span class='ocrx_word' id='word_1_23' title='bbox 937 1026 1212 1132; x_wconf 73' lang='lat' dir='ltr'><strong>simplicissima</strong></span> <span class='ocrx_word' id='word_1_24' title='bbox 1226 1027 1560 1133; x_wconf 59' lang='lat' dir='ltr'><strong>estpunfficularis,</strong></span> <span class='ocrx_word' id='word_1_25' title='bbox 1586 1048 1664 1125; x_wconf 89' lang='lat' dir='ltr'><strong>qua</strong></span> <span class='ocrx_word' id='word_1_26' title='bbox 1677 1021 1752 1101; x_wconf 90' lang='lat' dir='ltr'><strong>scil.</strong></span> <span class='ocrx_word' id='word_1_27' title='bbox 1766 1022 1938 1101; x_wconf 85' lang='lat' dir='ltr'><strong>radicula</strong></span> <span class='ocrx_word' id='word_1_28' title='bbox 1952 1018 2186 1123; x_wconf 68' lang='lat' dir='ltr'><strong>mer-&#39;ipuno</strong></span> 
     </span>
     <span class='ocr_line' id='line_1_5' title="bbox 481 1149 2189 1256; baseline -0.008 -19"><span class='ocrx_word' id='word_1_29' title='bbox 481 1160 555 1238; x_wconf 88' lang='lat' dir='ltr'><strong>tuli</strong></span> <span class='ocrx_word' id='word_1_30' title='bbox 580 1160 785 1235; x_wconf 85' lang='lat' dir='ltr'><strong>albicantis</strong></span> <span class='ocrx_word' id='word_1_31' title='bbox 812 1156 940 1256; x_wconf 89' lang='lat' dir='ltr'><strong>specie</strong></span> <span class='ocrx_word' id='word_1_32' title='bbox 973 1159 1013 1232; x_wconf 92' lang='lat' dir='ltr'><strong>in</strong></span> <span class='ocrx_word' id='word_1_33' title='bbox 1035 1157 1180 1233; x_wconf 90' lang='lat' dir='ltr'><strong>nucleo</strong></span> <span class='ocrx_word' id='word_1_34' title='bbox 1207 1168 1341 1236; x_wconf 87' lang='lat' dir='ltr'><strong>cetera</strong></span> <span class='ocrx_word' id='word_1_35' title='bbox 1363 1156 1484 1235; x_wconf 88' lang='lat' dir='ltr'><strong>solido</strong></span> <span class='ocrx_word' id='word_1_36' title='bbox 1511 1161 1695 1256; x_wconf 89' lang='lat' dir='ltr'><strong>apparet,</strong></span> <span class='ocrx_word' id='word_1_37' title='bbox 1727 1153 1836 1229; x_wconf 90' lang='lat' dir='ltr'><strong>utin</strong></span> <span class='ocrx_word' id='word_1_38' title='bbox 1862 1149 2013 1227; x_wconf 87' lang='lat' dir='ltr'><strong>Muscis</strong></span> <span class='ocrx_word' id='word_1_39' title='bbox 2039 1151 2189 1226; x_wconf 82' lang='lat' dir='ltr'><strong>&amp;aliis</strong></span> 
     </span>
     <span class='ocr_line' id='line_1_6' title="bbox 480 1274 2188 1387; baseline -0.007 -27"><span class='ocrx_word' id='word_1_40' title='bbox 480 1286 628 1387; x_wconf 90' lang='lat' dir='ltr'><strong>plantis</strong></span> <span class='ocrx_word' id='word_1_41' title='bbox 648 1279 1022 1384; x_wconf 72' lang='lat' dir='ltr'><strong>impersestioribus.</strong></span> <span class='ocrx_word' id='word_1_42' title='bbox 1070 1282 1116 1358; x_wconf 93' lang='lat' dir='ltr'><strong>In</strong></span> <span class='ocrx_word' id='word_1_43' title='bbox 1137 1286 1305 1380; x_wconf 85' lang='lat' dir='ltr'><strong>reliquls</strong></span> <span class='ocrx_word' id='word_1_44' title='bbox 1322 1285 1509 1360; x_wconf 90' lang='lat' dir='ltr'><strong>omnibus</strong></span> <span class='ocrx_word' id='word_1_45' title='bbox 1527 1281 1685 1383; x_wconf 85' lang='lat' dir='ltr'><strong>exserta</strong></span> <span class='ocrx_word' id='word_1_46' title='bbox 1703 1278 1786 1363; x_wconf 91' lang='lat' dir='ltr'><strong>est,</strong></span> <span class='ocrx_word' id='word_1_47' title='bbox 1812 1277 1852 1352; x_wconf 69' lang='grc' dir='ltr'><strong>ὃ(</strong></span> <span class='ocrx_word' id='word_1_48' title='bbox 1866 1280 1904 1351; x_wconf 91' lang='lat' dir='ltr'><strong>in</strong></span> <span class='ocrx_word' id='word_1_49' title='bbox 1918 1278 2004 1352; x_wconf 88' lang='lat' dir='ltr'><strong>aliis</strong></span> <span class='ocrx_word' id='word_1_50' title='bbox 2026 1274 2188 1372; x_wconf 89' lang='lat' dir='ltr'><strong>quidem</strong></span> 
     </span>
     <span class='ocr_line' id='line_1_7' title="bbox 482 1398 2188 1510; baseline -0.006 -22"><span class='ocrx_word' id='word_1_51' title='bbox 482 1398 728 1496; x_wconf 73' lang='lat' dir='ltr'><strong>tabercularii,</strong></span> <span class='ocrx_word' id='word_1_52' title='bbox 754 1406 980 1484; x_wconf 87' lang='lat' dir='ltr'><strong>acralliore</strong></span> <span class='ocrx_word' id='word_1_53' title='bbox 1000 1406 1149 1509; x_wconf 72' lang='lat' dir='ltr'><strong>punito</strong></span> <span class='ocrx_word' id='word_1_54' title='bbox 1169 1410 1290 1485; x_wconf 88' lang='lat' dir='ltr'><strong>solido</strong></span> <span class='ocrx_word' id='word_1_55' title='bbox 1315 1433 1457 1510; x_wconf 88' lang='lat' dir='ltr'><strong>parum</strong></span> <span class='ocrx_word' id='word_1_56' title='bbox 1476 1408 1649 1487; x_wconf 77' lang='lat' dir='ltr'><strong>diversa:</strong></span> <span class='ocrx_word' id='word_1_57' title='bbox 1675 1401 1720 1480; x_wconf 84' lang='lat' dir='ltr'><strong>in‘</strong></span> <span class='ocrx_word' id='word_1_58' title='bbox 1737 1403 1996 1501; x_wconf 88' lang='lat' dir='ltr'><strong>Flagellaria,</strong></span> <span class='ocrx_word' id='word_1_59' title='bbox 2023 1402 2188 1501; x_wconf 91' lang='lat' dir='ltr'><strong>Pipere,</strong></span> 
     </span>
     <span class='ocr_line' id='line_1_8' title="bbox 482 1529 2209 1636; baseline -0.006 -21"><span class='ocrx_word' id='word_1_60' title='bbox 482 1537 704 1636; x_wconf 77' lang='lat' dir='ltr'><strong>Bocconia,</strong></span> <span class='ocrx_word' id='word_1_61' title='bbox 738 1529 934 1631; x_wconf 70' lang='lat' dir='ltr'><strong>Scytaliae</strong></span> <span class='ocrx_word' id='word_1_62' title='bbox 970 1538 1013 1611; x_wconf 91' lang='lat' dir='ltr'><strong>in</strong></span> <span class='ocrx_word' id='word_1_63' title='bbox 1042 1536 1130 1612; x_wconf 86' lang='lat' dir='ltr'><strong>aliis</strong></span> <span class='ocrx_word' id='word_1_64' title='bbox 1156 1536 1293 1623; x_wconf 84' lang='lat' dir='ltr'><strong>conica,</strong></span> <span class='ocrx_word' id='word_1_65' title='bbox 1329 1560 1385 1613; x_wconf 87' lang='lat' dir='ltr'><strong>ex</strong></span> <span class='ocrx_word' id='word_1_66' title='bbox 1409 1533 1729 1632; x_wconf 84' lang='lat' dir='ltr'><strong>Cotyledonibus</strong></span> <span class='ocrx_word' id='word_1_67' title='bbox 1752 1529 1830 1611; x_wconf 87' lang='lat' dir='ltr'><strong>lata</strong></span> <span class='ocrx_word' id='word_1_68' title='bbox 1850 1532 1928 1609; x_wconf 84' lang='lat' dir='ltr'><strong>bafi</strong></span> <span class='ocrx_word' id='word_1_69' title='bbox 1953 1531 2122 1617; x_wconf 87' lang='lat' dir='ltr'><strong>oriunda</strong></span> <span class='ocrx_word' id='word_1_70' title='bbox 2149 1529 2209 1615; x_wconf 74' lang='grc' dir='ltr'><strong>δι,</strong></span> 
     </span>
     <span class='ocr_line' id='line_1_9' title="bbox 484 1656 2190 1758; baseline -0.004 -18"><span class='ocrx_word' id='word_1_71' title='bbox 484 1667 564 1741; x_wconf 85' lang='lat' dir='ltr'><strong>cito</strong></span> <span class='ocrx_word' id='word_1_72' title='bbox 584 1666 626 1738; x_wconf 92' lang='lat' dir='ltr'><strong>in</strong></span> <span class='ocrx_word' id='word_1_73' title='bbox 646 1680 816 1743; x_wconf 82' lang='lat' dir='ltr'><strong>acumen</strong></span> <span class='ocrx_word' id='word_1_74' title='bbox 828 1657 1028 1757; x_wconf 83' lang='lat' dir='ltr'><strong>definens,</strong></span> <span class='ocrx_word' id='word_1_75' title='bbox 1053 1664 1095 1736; x_wconf 92' lang='lat' dir='ltr'><strong>in</strong></span> <span class='ocrx_word' id='word_1_76' title='bbox 1115 1658 1288 1750; x_wconf 69' lang='lat' dir='ltr'><strong>Circaea,</strong></span> <span class='ocrx_word' id='word_1_77' title='bbox 1314 1660 1612 1741; x_wconf 87' lang='lat' dir='ltr'><strong>Cucurbitaceis</strong></span> <span class='ocrx_word' id='word_1_78' title='bbox 1627 1660 1667 1736; x_wconf 71' lang='grc' dir='ltr'>ἃ</span> <span class='ocrx_word' id='word_1_79' title='bbox 1685 1656 1947 1737; x_wconf 86' lang='lat' dir='ltr'><strong>Verticillatis</strong></span> <span class='ocrx_word' id='word_1_80' title='bbox 1962 1658 2190 1758; x_wconf 69' lang='lat' dir='ltr'><strong>plerisquer</strong></span> 
     </span>
     <span class='ocr_line' id='line_1_10' title="bbox 485 1764 2212 1890; baseline -0.001 -27"><span class='ocrx_word' id='word_1_81' title='bbox 485 1792 525 1863; x_wconf 90' lang='lat' dir='ltr'><strong>in</strong></span> <span class='ocrx_word' id='word_1_82' title='bbox 541 1789 629 1863; x_wconf 84' lang='lat' dir='ltr'><strong>aliis</strong></span> <span class='ocrx_word' id='word_1_83' title='bbox 641 1787 830 1887; x_wconf 89' lang='lat' dir='ltr'><strong>plurimis</strong></span> <span class='ocrx_word' id='word_1_84' title='bbox 845 1783 1080 1875; x_wconf 73' lang='lat' dir='ltr'><strong>laetiusmla,</strong></span> <span class='ocrx_word' id='word_1_85' title='bbox 1097 1785 1300 1890; x_wconf 82' lang='lat' dir='ltr'><strong>filiformis,</strong></span> <span class='ocrx_word' id='word_1_86' title='bbox 1324 1800 1394 1866; x_wconf 89' lang='lat' dir='ltr'><strong>aut</strong></span> <span class='ocrx_word' id='word_1_87' title='bbox 1406 1787 1618 1890; x_wconf 75' lang='lat' dir='ltr'><strong>cylindricoz</strong></span> <span class='ocrx_word' id='word_1_88' title='bbox 1645 1786 1930 1886; x_wconf 85' lang='lat' dir='ltr'><strong>inHyperioo,</strong></span> <span class='ocrx_word' id='word_1_89' title='bbox 1954 1764 2212 1869; x_wconf 75' lang='lat' dir='ltr'><strong>AllInaceis,¹</strong></span> 
     </span>
     <span class='ocr_line' id='line_1_11' title="bbox 486 1909 2194 2018; baseline -0.005 -25"><span class='ocrx_word' id='word_1_90' title='bbox 486 1912 737 2001; x_wconf 81' lang='lat' dir='ltr'><strong>Solanaceis3</strong></span> <span class='ocrx_word' id='word_1_91' title='bbox 768 1916 810 1989; x_wconf 92' lang='lat' dir='ltr'><strong>in</strong></span> <span class='ocrx_word' id='word_1_92' title='bbox 827 1914 915 1991; x_wconf 87' lang='lat' dir='ltr'><strong>aliis</strong></span> <span class='ocrx_word' id='word_1_93' title='bbox 931 1909 1126 2018; x_wconf 77' lang='lat' dir='ltr'><strong>sustsormis</strong></span> <span class='ocrx_word' id='word_1_94' title='bbox 1142 1925 1212 1991; x_wconf 89' lang='lat' dir='ltr'><strong>aut</strong></span> <span class='ocrx_word' id='word_1_95' title='bbox 1235 1912 1399 1994; x_wconf 69' lang='lat' dir='ltr'><strong>abacto:</strong></span> <span class='ocrx_word' id='word_1_96' title='bbox 1438 1918 1480 1991; x_wconf 90' lang='lat' dir='ltr'><strong>in</strong></span> <span class='ocrx_word' id='word_1_97' title='bbox 1500 1914 1779 2016; x_wconf 88' lang='lat' dir='ltr'><strong>Rhizophora,</strong></span> <span class='ocrx_word' id='word_1_98' title='bbox 1807 1910 1970 1999; x_wconf 85' lang='lat' dir='ltr'><strong>Coffea,</strong></span> <span class='ocrx_word' id='word_1_99' title='bbox 2001 1910 2194 2007; x_wconf 80' lang='lat' dir='ltr'><strong>Legumi-</strong></span> 
     </span>
     <span class='ocr_line' id='line_1_12' title="bbox 486 2039 2194 2139; baseline 0.001 -23"><span class='ocrx_word' id='word_1_100' title='bbox 486 2040 593 2116; x_wconf 83' lang='lat' dir='ltr'><strong>nosrs</strong></span> <span class='ocrx_word' id='word_1_101' title='bbox 612 2040 761 2127; x_wconf 79' lang='lat' dir='ltr'><strong>variis3</strong></span> <span class='ocrx_word' id='word_1_102' title='bbox 787 2039 930 2115; x_wconf 85' lang='lat' dir='ltr'><strong>in&#39;aliis</strong></span> <span class='ocrx_word' id='word_1_103' title='bbox 951 2039 1133 2139; x_wconf 77' lang='lat' dir='ltr'><strong>capitato:</strong></span> <span class='ocrx_word' id='word_1_104' title='bbox 1156 2044 1197 2116; x_wconf 93' lang='lat' dir='ltr'><strong>in</strong></span> <span class='ocrx_word' id='word_1_105' title='bbox 1215 2039 1372 2127; x_wconf 89' lang='lat' dir='ltr'><strong>Zamia,</strong></span> <span class='ocrx_word' id='word_1_106' title='bbox 1397 2040 1535 2129; x_wconf 90' lang='lat' dir='ltr'><strong>Visco,</strong></span> <span class='ocrx_word' id='word_1_107' title='bbox 1560 2041 1751 2131; x_wconf 79' lang='lat' dir='ltr'><strong>Berberi3</strong></span> <span class='ocrx_word' id='word_1_108' title='bbox 1786 2041 1825 2117; x_wconf 70' lang='grc' dir='ltr'>ἃ</span> <span class='ocrx_word' id='word_1_109' title='bbox 1848 2041 2020 2135; x_wconf 87' lang='lat' dir='ltr'><strong>denique</strong></span> <span class='ocrx_word' id='word_1_110' title='bbox 2044 2040 2194 2117; x_wconf 79' lang='lat' dir='ltr'><strong>iterum</strong></span> 
     </span>
     <span class='ocr_line' id='line_1_13' title="bbox 487 2161 2194 2272; baseline -0.003 -27"><span class='ocrx_word' id='word_1_111' title='bbox 487 2170 529 2245; x_wconf 92' lang='lat' dir='ltr'><strong>in</strong></span> <span class='ocrx_word' id='word_1_112' title='bbox 547 2168 635 2243; x_wconf 90' lang='lat' dir='ltr'><strong>aliis</strong></span> <span class='ocrx_word' id='word_1_113' title='bbox 663 2161 950 2272; x_wconf 80' lang='lat' dir='ltr'><strong>ovato-globoso:</strong></span> <span class='ocrx_word' id='word_1_114' title='bbox 984 2170 1025 2244; x_wconf 89' lang='lat' dir='ltr'><strong>in</strong></span> <span class='ocrx_word' id='word_1_115' title='bbox 1047 2165 1225 2265; x_wconf 84' lang='lat' dir='ltr'><strong>Caffyta,</strong></span> <span class='ocrx_word' id='word_1_116' title='bbox 1260 2167 1429 2262; x_wconf 87' lang='lat' dir='ltr'><strong>Nelitri,</strong></span> <span class='ocrx_word' id='word_1_117' title='bbox 1458 2166 1703 2255; x_wconf 88' lang='lat' dir='ltr'><strong>Rhizobolo,</strong></span> <span class='ocrx_word' id='word_1_118' title='bbox 1745 2189 1821 2247; x_wconf 85' lang='lat' dir='ltr'><strong>nec</strong></span> <span class='ocrx_word' id='word_1_119' title='bbox 1839 2188 1922 2247; x_wconf 85' lang='lat' dir='ltr'><strong>non</strong></span> <span class='ocrx_word' id='word_1_120' title='bbox 1943 2164 2194 2261; x_wconf 69' lang='lat' dir='ltr'><strong>inpmnibus</strong></span> 
     </span>
     <span class='ocr_line' id='line_1_14' title="bbox 488 2292 2194 2396; baseline -0.001 -28"><span class='ocrx_word' id='word_1_121' title='bbox 488 2294 779 2391; x_wconf 84' lang='lat' dir='ltr'><strong>embryonibus</strong></span> <span class='ocrx_word' id='word_1_122' title='bbox 802 2295 968 2369; x_wconf 90' lang='lat' dir='ltr'><strong>minutis</strong></span> <span class='ocrx_word' id='word_1_123' title='bbox 983 2292 1022 2369; x_wconf 75' lang='lat' dir='ltr'><strong>br</strong></span> <span class='ocrx_word' id='word_1_124' title='bbox 1037 2293 1272 2391; x_wconf 82' lang='lat' dir='ltr'><strong>globulosrs,</strong></span> <span class='ocrx_word' id='word_1_125' title='bbox 1299 2296 1498 2391; x_wconf 89' lang='lat' dir='ltr'><strong>inquibus</strong></span> <span class='ocrx_word' id='word_1_126' title='bbox 1518 2299 1667 2396; x_wconf 82' lang='lat' dir='ltr'><strong>quippe</strong></span> <span class='ocrx_word' id='word_1_127' title='bbox 1683 2294 1856 2371; x_wconf 86' lang='lat' dir='ltr'><strong>radicula</strong></span> <span class='ocrx_word' id='word_1_128' title='bbox 1873 2294 2088 2371; x_wconf 89' lang='lat' dir='ltr'><strong>maximam</strong></span> <span class='ocrx_word' id='word_1_129' title='bbox 2109 2314 2194 2367; x_wconf 81' lang='lat' dir='ltr'><strong>em·</strong></span> 
     </span>
     <span class='ocr_line' id='line_1_15' title="bbox 488 2416 2195 2521; baseline -0.001 -26"><span class='ocrx_word' id='word_1_130' title='bbox 488 2419 658 2521; x_wconf 89' lang='lat' dir='ltr'><strong>bryonis</strong></span> <span class='ocrx_word' id='word_1_131' title='bbox 674 2429 832 2519; x_wconf 83' lang='lat' dir='ltr'><strong>partem</strong></span> <span class='ocrx_word' id='word_1_132' title='bbox 851 2419 991 2506; x_wconf 89' lang='lat' dir='ltr'><strong>efficit,</strong></span> <span class='ocrx_word' id='word_1_133' title='bbox 1017 2429 1064 2501; x_wconf 91' lang='lat' dir='ltr'><strong>ut</strong></span> <span class='ocrx_word' id='word_1_134' title='bbox 1079 2423 1120 2495; x_wconf 93' lang='lat' dir='ltr'><strong>in</strong></span> <span class='ocrx_word' id='word_1_135' title='bbox 1142 2419 1409 2510; x_wconf 76' lang='lat' dir='ltr'><strong>Groll&#39;ularia,</strong></span> <span class='ocrx_word' id='word_1_136' title='bbox 1432 2420 1660 2519; x_wconf 86' lang='lat' dir='ltr'><strong>Aquisolio,</strong></span> <span class='ocrx_word' id='word_1_137' title='bbox 1691 2422 1833 2507; x_wconf 90' lang='lat' dir='ltr'><strong>lllicio,</strong></span> <span class='ocrx_word' id='word_1_138' title='bbox 1865 2417 2052 2504; x_wconf 91' lang='lat' dir='ltr'><strong>Glaucio,</strong></span> <span class='ocrx_word' id='word_1_139' title='bbox 2082 2416 2195 2494; x_wconf 83' lang='lat' dir='ltr'><strong>Uva-</strong></span> 
     </span>
     <span class='ocr_line' id='line_1_16' title="bbox 491 2543 2198 2649; baseline 0 -29"><span class='ocrx_word' id='word_1_140' title='bbox 491 2548 570 2632; x_wconf 86' lang='lat' dir='ltr'><strong>ria,</strong></span> <span class='ocrx_word' id='word_1_141' title='bbox 594 2545 770 2623; x_wconf 85' lang='lat' dir='ltr'><strong>Drosera</strong></span> <span class='ocrx_word' id='word_1_142' title='bbox 783 2554 825 2622; x_wconf 91' lang='lat' dir='ltr'><strong>et</strong></span> <span class='ocrx_word' id='word_1_143' title='bbox 838 2547 926 2623; x_wconf 86' lang='lat' dir='ltr'><strong>aliis</strong></span> <span class='ocrx_word' id='word_1_144' title='bbox 948 2543 1096 2625; x_wconf 86' lang='lat' dir='ltr'><strong>multis.</strong></span> <span class='ocrx_word' id='word_1_145' title='bbox 1144 2545 1283 2625; x_wconf 74' lang='lat' dir='ltr'><strong>Restae</strong></span> <span class='ocrx_word' id='word_1_146' title='bbox 1294 2551 1384 2627; x_wconf 90' lang='lat' dir='ltr'><strong>sunt</strong></span> <span class='ocrx_word' id='word_1_147' title='bbox 1404 2551 1610 2649; x_wconf 85' lang='lat' dir='ltr'><strong>pleraeque</strong></span> <span class='ocrx_word' id='word_1_148' title='bbox 1622 2549 1809 2629; x_wconf 77' lang='lat' dir='ltr'><strong>radiculae</strong></span> <span class='ocrx_word' id='word_1_149' title='bbox 1826 2548 1993 2632; x_wconf 87' lang='lat' dir='ltr'><strong>breves,</strong></span> <span class='ocrx_word' id='word_1_150' title='bbox 2020 2546 2137 2621; x_wconf 87' lang='lat' dir='ltr'><strong>etiam</strong></span> <span class='ocrx_word' id='word_1_151' title='bbox 2155 2545 2198 2620; x_wconf 89' lang='lat' dir='ltr'><strong>in</strong></span> 
     </span>
     <span class='ocr_line' id='line_1_17' title="bbox 490 2672 2196 2777; baseline 0 -26"><span class='ocrx_word' id='word_1_152' title='bbox 490 2674 783 2773; x_wconf 83' lang='lat' dir='ltr'><strong>embryonibus</strong></span> <span class='ocrx_word' id='word_1_153' title='bbox 805 2676 970 2761; x_wconf 83' lang='lat' dir='ltr'><strong>curvis;</strong></span> <span class='ocrx_word' id='word_1_154' title='bbox 993 2676 1202 2772; x_wconf 82' lang='lat' dir='ltr'><strong>longiores</strong></span> <span class='ocrx_word' id='word_1_155' title='bbox 1219 2686 1355 2753; x_wconf 88' lang='lat' dir='ltr'><strong>autem</strong></span> <span class='ocrx_word' id='word_1_156' title='bbox 1369 2677 1514 2777; x_wconf 77' lang='lat' dir='ltr'><strong>saepius</strong></span> <span class='ocrx_word' id='word_1_157' title='bbox 1528 2676 1788 2762; x_wconf 67' lang='lat' dir='ltr'><strong>curvaesunt,</strong></span> <span class='ocrx_word' id='word_1_158' title='bbox 1810 2673 1851 2752; x_wconf 74' lang='lat' dir='ltr'><strong>br</strong></span> <span class='ocrx_word' id='word_1_159' title='bbox 1868 2696 1923 2751; x_wconf 86' lang='lat' dir='ltr'><strong>ex</strong></span> <span class='ocrx_word' id='word_1_160' title='bbox 1942 2673 2007 2751; x_wconf 87' lang='lat' dir='ltr'><strong>his</strong></span> <span class='ocrx_word' id='word_1_161' title='bbox 2022 2672 2196 2751; x_wconf 82' lang='lat' dir='ltr'><strong>maxime</strong></span> 
     </span>
     <span class='ocr_line' id='line_1_18' title="bbox 489 2780 2197 2903; baseline -0.003 -28"><span class='ocrx_word' id='word_1_162' title='bbox 489 2800 768 2877; x_wconf 82' lang='lat' dir='ltr'><strong>memorabiles</strong></span> <span class='ocrx_word' id='word_1_163' title='bbox 777 2801 1013 2894; x_wconf 72' lang='lat' dir='ltr'><strong>gnomonica,</strong></span> <span class='ocrx_word' id='word_1_164' title='bbox 1034 2803 1075 2876; x_wconf 92' lang='lat' dir='ltr'><strong>in</strong></span> <span class='ocrx_word' id='word_1_165' title='bbox 1096 2780 1330 2877; x_wconf 86' lang='lat' dir='ltr'><strong>Guettarda.</strong></span> <span class='ocrx_word' id='word_1_166' title='bbox 1379 2800 1611 2901; x_wconf 87' lang='lat' dir='ltr'><strong>Longitudo</strong></span> <span class='ocrx_word' id='word_1_167' title='bbox 1624 2825 1770 2903; x_wconf 86' lang='lat' dir='ltr'><strong>nempe</strong></span> <span class='ocrx_word' id='word_1_168' title='bbox 1781 2801 2004 2898; x_wconf 79' lang='lat' dir='ltr'><strong>generatim</strong></span> <span class='ocrx_word' id='word_1_169' title='bbox 2023 2798 2197 2898; x_wconf 85' lang='lat' dir='ltr'><strong>triplex:</strong></span> 
     </span>
     <span class='ocr_line' id='line_1_19' title="bbox 490 2920 2198 3029; baseline 0.001 -30"><span class='ocrx_word' id='word_1_170' title='bbox 490 2920 686 3029; x_wconf 80' lang='lat' dir='ltr'><strong>longifflma</strong></span> <span class='ocrx_word' id='word_1_171' title='bbox 702 2923 935 3011; x_wconf 81' lang='lat' dir='ltr'><strong>censentur,</strong></span> <span class='ocrx_word' id='word_1_172' title='bbox 959 2948 1051 3024; x_wconf 85' lang='lat' dir='ltr'><strong>quae</strong></span> <span class='ocrx_word' id='word_1_173' title='bbox 1068 2925 1372 3023; x_wconf 81' lang='lat' dir='ltr'><strong>cotyledonibus</strong></span> <span class='ocrx_word' id='word_1_174' title='bbox 1389 2929 1597 3026; x_wconf 84' lang='lat' dir='ltr'><strong>longiores</strong></span> <span class='ocrx_word' id='word_1_175' title='bbox 1615 2932 1728 3009; x_wconf 76' lang='lat' dir='ltr'><strong>sunta</strong></span> <span class='ocrx_word' id='word_1_176' title='bbox 1755 2932 1796 3004; x_wconf 92' lang='lat' dir='ltr'><strong>in</strong></span> <span class='ocrx_word' id='word_1_177' title='bbox 1808 2927 2090 3026; x_wconf 77' lang='lat' dir='ltr'><strong>Rhizopnora,</strong></span> <span class='ocrx_word' id='word_1_178' title='bbox 2109 2921 2198 3001; x_wconf 86' lang='lat' dir='ltr'><strong>An·</strong></span> 
     </span>
     <span class='ocr_line' id='line_1_20' title="bbox 492 3042 2197 3158; baseline -0.001 -30"><span class='ocrx_word' id='word_1_179' title='bbox 492 3049 693 3149; x_wconf 83' lang='lat' dir='ltr'><strong>guillaria,</strong></span> <span class='ocrx_word' id='word_1_180' title='bbox 718 3042 886 3136; x_wconf 74' lang='lat' dir='ltr'><strong>Sarill&#39;or</strong></span> <span class='ocrx_word' id='word_1_181' title='bbox 912 3048 1059 3151; x_wconf 76' lang='lat' dir='ltr'><strong>aquales</strong></span> <span class='ocrx_word' id='word_1_182' title='bbox 1082 3056 1132 3129; x_wconf 90' lang='lat' dir='ltr'><strong>iis</strong></span> <span class='ocrx_word' id='word_1_183' title='bbox 1158 3052 1375 3140; x_wconf 83' lang='lat' dir='ltr'><strong>habentur,</strong></span> <span class='ocrx_word' id='word_1_184' title='bbox 1413 3059 1452 3132; x_wconf 93' lang='lat' dir='ltr'><strong>in</strong></span> <span class='ocrx_word' id='word_1_185' title='bbox 1480 3060 1686 3158; x_wconf 86' lang='lat' dir='ltr'><strong>plerisque</strong></span> <span class='ocrx_word' id='word_1_186' title='bbox 1708 3053 1999 3151; x_wconf 84' lang='lat' dir='ltr'><strong>Umbelliseris,</strong></span> <span class='ocrx_word' id='word_1_187' title='bbox 2030 3047 2197 3128; x_wconf 78' lang='lat' dir='ltr'><strong>Solana-</strong></span> 
     </span>
     <span class='ocr_line' id='line_1_21' title="bbox 492 3173 2197 3288; baseline -0.001 -36"><span class='ocrx_word' id='word_1_188' title='bbox 492 3175 626 3252; x_wconf 84' lang='lat' dir='ltr'><strong>cels&amp;</strong></span> <span class='ocrx_word' id='word_1_189' title='bbox 641 3173 908 3273; x_wconf 60' lang='lat' dir='ltr'><strong>Lychnidum</strong></span> <span class='ocrx_word' id='word_1_190' title='bbox 933 3177 1103 3276; x_wconf 88' lang='lat' dir='ltr'><strong>denique</strong></span> <span class='ocrx_word' id='word_1_191' title='bbox 1124 3175 1243 3258; x_wconf 80' lang='lat' dir='ltr'><strong>breves</strong></span> <span class='ocrx_word' id='word_1_192' title='bbox 1260 3181 1299 3257; x_wconf 69' lang='grc' dir='ltr'><strong>δι</strong></span> <span class='ocrx_word' id='word_1_193' title='bbox 1312 3178 1506 3288; x_wconf 78' lang='lat' dir='ltr'><strong>breviffima</strong></span> <span class='ocrx_word' id='word_1_194' title='bbox 1525 3185 1617 3263; x_wconf 91' lang='lat' dir='ltr'><strong>sunt</strong></span> <span class='ocrx_word' id='word_1_195' title='bbox 1637 3186 1677 3258; x_wconf 93' lang='lat' dir='ltr'><strong>in</strong></span> <span class='ocrx_word' id='word_1_196' title='bbox 1703 3182 1889 3259; x_wconf 82' lang='lat' dir='ltr'><strong>omnibus</strong></span> <span class='ocrx_word' id='word_1_197' title='bbox 1909 3178 2197 3274; x_wconf 86' lang='lat' dir='ltr'><strong>Monocotyle·</strong></span> 
     </span>
    </p>
   </div>
   <div class='ocr_carea' id='block_1_4' title="bbox 452 3299 2198 3527">
    <p class='ocr_par' dir='ltr' id='par_1_4' title="bbox 452 3299 2198 3527">
     <span class='ocr_line' id='line_1_22' title="bbox 493 3299 2198 3419; baseline 0.002 -40"><span class='ocrx_word' id='word_1_198' title='bbox 493 3301 683 3388; x_wconf 87' lang='lat' dir='ltr'><strong>donibus,</strong></span> <span class='ocrx_word' id='word_1_199' title='bbox 709 3299 934 3391; x_wconf 86' lang='lat' dir='ltr'><strong>Tricoccis,</strong></span> <span class='ocrx_word' id='word_1_200' title='bbox 958 3302 1237 3395; x_wconf 86' lang='lat' dir='ltr'><strong>Verticillatis,</strong></span> <span class='ocrx_word' id='word_1_201' title='bbox 1274 3307 1591 3399; x_wconf 83' lang='lat' dir='ltr'><strong>Cucurbitaceis,</strong></span> <span class='ocrx_word' id='word_1_202' title='bbox 1623 3306 1889 3419; x_wconf 77' lang='lat' dir='ltr'><strong>Compositis,</strong></span> <span class='ocrx_word' id='word_1_203' title='bbox 1918 3303 2198 3404; x_wconf 75' lang='lat' dir='ltr'><strong>Leguminofis</strong></span> 
     </span>
     <span class='ocr_line' id='line_1_23' title="bbox 452 3427 859 3527; baseline 0 -25"><span class='ocrx_word' id='word_1_204' title='bbox 452 3452 456 3457; x_wconf 83' lang='lat'><strong>·</strong></span> <span class='ocrx_word' id='word_1_205' title='bbox 493 3427 534 3502; x_wconf 69' lang='grc' dir='ltr'>ἃ</span> <span class='ocrx_word' id='word_1_206' title='bbox 551 3427 638 3503; x_wconf 88' lang='lat' dir='ltr'><strong>aliis</strong></span> <span class='ocrx_word' id='word_1_207' title='bbox 662 3427 859 3527; x_wconf 87' lang='lat' dir='ltr'><strong>plurimis</strong></span> 
     </span>
    </p>
   </div>
   <div class='ocr_carea' id='block_1_5' title="bbox 593 3627 2201 3741">
    <p class='ocr_par' dir='ltr' id='par_1_5' title="bbox 593 3627 2201 3741">
     <span class='ocr_line' id='line_1_24' title="bbox 593 3627 2201 3741; baseline 0.002 -30"><span class='ocrx_word' id='word_1_208' title='bbox 593 3627 708 3711; x_wconf 87' lang='lat' dir='ltr'><strong>Situs</strong></span> <span class='ocrx_word' id='word_1_209' title='bbox 728 3637 921 3734; x_wconf 87' lang='lat' dir='ltr'><strong>proprius</strong></span> <span class='ocrx_word' id='word_1_210' title='bbox 941 3637 1098 3738; x_wconf 86' lang='lat' dir='ltr'><strong>semper</strong></span> <span class='ocrx_word' id='word_1_211' title='bbox 1115 3642 1153 3717; x_wconf 89' lang='lat' dir='ltr'><strong>in</strong></span> <span class='ocrx_word' id='word_1_212' title='bbox 1176 3639 1254 3714; x_wconf 85' lang='lat' dir='ltr'><strong>basr</strong></span> <span class='ocrx_word' id='word_1_213' title='bbox 1269 3640 1505 3741; x_wconf 88' lang='lat' dir='ltr'><strong>embryonis</strong></span> <span class='ocrx_word' id='word_1_214' title='bbox 1525 3642 1602 3718; x_wconf 83' lang='lat' dir='ltr'><strong>else</strong></span> <span class='ocrx_word' id='word_1_215' title='bbox 1621 3642 1822 3729; x_wconf 88' lang='lat' dir='ltr'><strong>censetur;</strong></span> <span class='ocrx_word' id='word_1_216' title='bbox 1847 3640 2047 3719; x_wconf 86' lang='lat' dir='ltr'><strong>relativus</strong></span> <span class='ocrx_word' id='word_1_217' title='bbox 2067 3643 2201 3715; x_wconf 84' lang='lat' dir='ltr'><strong>autem</strong></span> 
     </span>
    </p>
   </div>
   <div class='ocr_carea' id='block_1_6' title="bbox 495 3758 2201 3990">
    <p class='ocr_par' dir='ltr' id='par_1_6' title="bbox 495 3758 2201 3990">
     <span class='ocr_line' id='line_1_25' title="bbox 495 3758 2201 3871; baseline 0.004 -38"><span class='ocrx_word' id='word_1_218' title='bbox 495 3758 676 3833; x_wconf 76' lang='lat' dir='ltr'><strong>refertur</strong></span> <span class='ocrx_word' id='word_1_219' title='bbox 700 3760 749 3836; x_wconf 89' lang='lat' dir='ltr'><strong>ad</strong></span> <span class='ocrx_word' id='word_1_220' title='bbox 773 3759 926 3855; x_wconf 91' lang='lat' dir='ltr'><strong>reliqua</strong></span> <span class='ocrx_word' id='word_1_221' title='bbox 951 3765 1110 3841; x_wconf 89' lang='lat' dir='ltr'><strong>seminis</strong></span> <span class='ocrx_word' id='word_1_222' title='bbox 1135 3767 1358 3855; x_wconf 81' lang='lat' dir='ltr'><strong>interanea,</strong></span> <span class='ocrx_word' id='word_1_223' title='bbox 1384 3769 1632 3871; x_wconf 83' lang='lat' dir='ltr'><strong>&amp;inprimis</strong></span> <span class='ocrx_word' id='word_1_224' title='bbox 1655 3771 1704 3847; x_wconf 82' lang='lat' dir='ltr'><strong>ad</strong></span> <span class='ocrx_word' id='word_1_225' title='bbox 1724 3768 2019 3870; x_wconf 88' lang='lat' dir='ltr'><strong>receptaculum</strong></span> <span class='ocrx_word' id='word_1_226' title='bbox 2043 3763 2201 3842; x_wconf 74' lang='lat' dir='ltr'><strong>frustus</strong></span> 
     </span>
     <span class='ocr_line' id='line_1_26' title="bbox 495 3885 1032 3990; baseline 0.019 -31"><span class='ocrx_word' id='word_1_227' title='bbox 495 3896 615 3983; x_wconf 88' lang='lat' dir='ltr'><strong>atque</strong></span> <span class='ocrx_word' id='word_1_228' title='bbox 632 3885 791 3964; x_wconf 88' lang='lat' dir='ltr'><strong>seminis</strong></span> <span class='ocrx_word' id='word_1_229' title='bbox 810 3893 1032 3990; x_wconf 85' lang='lat' dir='ltr'><strong>proprium.</strong></span> 
     </span>
    </p>
   </div>
   <div class='ocr_carea' id='block_1_7' title="bbox 497 4058 2202 4305">
    <p class='ocr_par' dir='ltr' id='par_1_7' title="bbox 497 4058 2202 4305">
     <span class='ocr_line' id='line_1_27' title="bbox 594 4058 2201 4174; baseline 0.005 -30"><span class='ocrx_word' id='word_1_230' title='bbox 594 4067 791 4168; x_wconf 72' lang='lat' dir='ltr'><strong>Respeslu</strong></span> <span class='ocrx_word' id='word_1_231' title='bbox 811 4064 942 4166; x_wconf 79' lang='lat' dir='ltr'><strong>itaque</strong></span> <span class='ocrx_word' id='word_1_232' title='bbox 965 4074 1211 4171; x_wconf 90' lang='lat' dir='ltr'><strong>reliquorum</strong></span> <span class='ocrx_word' id='word_1_233' title='bbox 1240 4078 1399 4154; x_wconf 90' lang='lat' dir='ltr'><strong>seminis</strong></span> <span class='ocrx_word' id='word_1_234' title='bbox 1425 4083 1726 4156; x_wconf 88' lang='lat' dir='ltr'><strong>interaneorum</strong></span> <span class='ocrx_word' id='word_1_235' title='bbox 1754 4078 1794 4156; x_wconf 72' lang='grc' dir='ltr'><strong>δι</strong></span> <span class='ocrx_word' id='word_1_236' title='bbox 1819 4058 2014 4174; x_wconf 83' lang='lat' dir='ltr'><strong>figillatim</strong></span> <span class='ocrx_word' id='word_1_237' title='bbox 2043 4080 2201 4153; x_wconf 87' lang='lat' dir='ltr'><strong>ratione</strong></span> 
     </span>
     <span class='ocr_line' id='line_1_28' title="bbox 497 4194 2202 4305; baseline 0.008 -37"><span class='ocrx_word' id='word_1_238' title='bbox 497 4194 734 4279; x_wconf 87' lang='lat' dir='ltr'><strong>albuminis,</strong></span> <span class='ocrx_word' id='word_1_239' title='bbox 758 4195 855 4271; x_wconf 87' lang='lat' dir='ltr'><strong>litus</strong></span> <span class='ocrx_word' id='word_1_240' title='bbox 874 4197 1058 4273; x_wconf 82' lang='lat' dir='ltr'><strong>radiculae</strong></span> <span class='ocrx_word' id='word_1_241' title='bbox 1082 4202 1199 4299; x_wconf 91' lang='lat' dir='ltr'><strong>plane</strong></span> <span class='ocrx_word' id='word_1_242' title='bbox 1225 4203 1386 4279; x_wconf 88' lang='lat' dir='ltr'><strong>easdem</strong></span> <span class='ocrx_word' id='word_1_243' title='bbox 1402 4210 1554 4305; x_wconf 86' lang='lat' dir='ltr'><strong>patitur</strong></span> <span class='ocrx_word' id='word_1_244' title='bbox 1586 4204 1923 4290; x_wconf 86' lang='lat' dir='ltr'><strong>modificationes,</strong></span> <span class='ocrx_word' id='word_1_245' title='bbox 1949 4203 2086 4299; x_wconf 90' lang='lat' dir='ltr'><strong>quales</strong></span> <span class='ocrx_word' id='word_1_246' title='bbox 2119 4226 2202 4281; x_wconf 87' lang='lat' dir='ltr'><strong>em·</strong></span> 
     </span>
    </p>
   </div>
   <div class='ocr_carea' id='block_1_8' title="bbox 497 4321 2202 4432">
    <p class='ocr_par' dir='ltr' id='par_1_8' title="bbox 497 4321 2202 4432">
     <span class='ocr_line' id='line_1_29' title="bbox 497 4321 2202 4432; baseline 0.005 -36"><span class='ocrx_word' id='word_1_247' title='bbox 497 4322 604 4416; x_wconf 85' lang='lat' dir='ltr'><strong>bryo</strong></span> <span class='ocrx_word' id='word_1_248' title='bbox 628 4321 729 4419; x_wconf 88' lang='lat' dir='ltr'><strong>ipse,</strong></span> <span class='ocrx_word' id='word_1_249' title='bbox 759 4322 866 4396; x_wconf 89' lang='lat' dir='ltr'><strong>unde</strong></span> <span class='ocrx_word' id='word_1_250' title='bbox 888 4328 1006 4399; x_wconf 87' lang='lat' dir='ltr'><strong>etiam</strong></span> <span class='ocrx_word' id='word_1_251' title='bbox 1031 4327 1219 4403; x_wconf 87' lang='lat' dir='ltr'><strong>radiculae</strong></span> <span class='ocrx_word' id='word_1_252' title='bbox 1241 4329 1437 4406; x_wconf 86' lang='lat' dir='ltr'><strong>habentur</strong></span> <span class='ocrx_word' id='word_1_253' title='bbox 1463 4329 1652 4420; x_wconf 75' lang='lat' dir='ltr'><strong>centrosas,</strong></span> <span class='ocrx_word' id='word_1_254' title='bbox 1677 4336 1879 4411; x_wconf 79' lang='lat' dir='ltr'><strong>excentrica</strong></span> <span class='ocrx_word' id='word_1_255' title='bbox 1903 4334 1944 4409; x_wconf 74' lang='grc' dir='ltr'><strong>δι</strong></span> <span class='ocrx_word' id='word_1_256' title='bbox 1966 4328 2202 4432; x_wconf 80' lang='lat' dir='ltr'><strong>paiplrerica.</strong></span> 
     </span>
    </p>
   </div>
   <div class='ocr_carea' id='block_1_9' title="bbox 500 4442 2202 4674">
    <p class='ocr_par' dir='ltr' id='par_1_9' title="bbox 500 4442 2202 4674">
     <span class='ocr_line' id='line_1_30' title="bbox 500 4442 2202 4559; baseline 0.008 -39"><span class='ocrx_word' id='word_1_257' title='bbox 500 4442 581 4520; x_wconf 91' lang='lat' dir='ltr'><strong>Sed</strong></span> <span class='ocrx_word' id='word_1_258' title='bbox 597 4469 652 4520; x_wconf 89' lang='lat' dir='ltr'><strong>ex</strong></span> <span class='ocrx_word' id='word_1_259' title='bbox 671 4468 807 4521; x_wconf 88' lang='lat' dir='ltr'><strong>earum</strong></span> <span class='ocrx_word' id='word_1_260' title='bbox 831 4449 1122 4527; x_wconf 88' lang='lat' dir='ltr'><strong>combinatione</strong></span> <span class='ocrx_word' id='word_1_261' title='bbox 1142 4477 1232 4529; x_wconf 88' lang='lat' dir='ltr'><strong>cum</strong></span> <span class='ocrx_word' id='word_1_262' title='bbox 1248 4455 1553 4554; x_wconf 90' lang='lat' dir='ltr'><strong>cotyledonibus</strong></span> <span class='ocrx_word' id='word_1_263' title='bbox 1574 4484 1684 4540; x_wconf 89' lang='lat' dir='ltr'><strong>nova</strong></span> <span class='ocrx_word' id='word_1_264' title='bbox 1696 4465 1866 4557; x_wconf 89' lang='lat' dir='ltr'><strong>emergit</strong></span> <span class='ocrx_word' id='word_1_265' title='bbox 1886 4461 2087 4537; x_wconf 85' lang='lat' dir='ltr'><strong>internas</strong></span> <span class='ocrx_word' id='word_1_266' title='bbox 2110 4478 2202 4559; x_wconf 90' lang='lat' dir='ltr'><strong>par-</strong></span> 
     </span>
     <span class='ocr_line' id='line_1_31' title="bbox 500 4572 1404 4674; baseline 0.013 -25"><span class='ocrx_word' id='word_1_267' title='bbox 500 4582 564 4649; x_wconf 92' lang='lat' dir='ltr'><strong>tes</strong></span> <span class='ocrx_word' id='word_1_268' title='bbox 583 4572 748 4659; x_wconf 88' lang='lat' dir='ltr'><strong>relatio,</strong></span> <span class='ocrx_word' id='word_1_269' title='bbox 774 4573 924 4651; x_wconf 87' lang='lat' dir='ltr'><strong>&amp;inde</strong></span> <span class='ocrx_word' id='word_1_270' title='bbox 946 4578 1195 4674; x_wconf 88' lang='lat' dir='ltr'><strong>proveniunt</strong></span> <span class='ocrx_word' id='word_1_271' title='bbox 1215 4582 1404 4661; x_wconf 84' lang='lat' dir='ltr'><strong>radiculae</strong></span> 
     </span>
    </p>
   </div>
   <div class='ocr_carea' id='block_1_10' title="bbox 649 4780 2195 4887">
    <p class='ocr_par' dir='ltr' id='par_1_10' title="bbox 649 4780 2195 4887">
     <span class='ocr_line' id='line_1_32' title="bbox 649 4780 2195 4887; baseline 0.014 -27"><span class='ocrx_word' id='word_1_272' title='bbox 649 4780 805 4872; x_wconf 74' lang='lat' dir='ltr'><strong>direiia,</strong></span> <span class='ocrx_word' id='word_1_273' title='bbox 832 4808 1030 4883; x_wconf 84' lang='lat' dir='ltr'><strong>quaecum</strong></span> <span class='ocrx_word' id='word_1_274' title='bbox 1052 4790 1121 4863; x_wconf 86' lang='lat' dir='ltr'><strong>axi</strong></span> <span class='ocrx_word' id='word_1_275' title='bbox 1140 4792 1448 4887; x_wconf 85' lang='lat' dir='ltr'><strong>cotyledonum,</strong></span> <span class='ocrx_word' id='word_1_276' title='bbox 1474 4796 1557 4874; x_wconf 81' lang='lat' dir='ltr'><strong>five</strong></span> <span class='ocrx_word' id='word_1_277' title='bbox 1584 4796 1651 4872; x_wconf 86' lang='lat' dir='ltr'><strong>ille</strong></span> <span class='ocrx_word' id='word_1_278' title='bbox 1670 4795 1823 4885; x_wconf 74' lang='lat' dir='ltr'><strong>restas,</strong></span> <span class='ocrx_word' id='word_1_279' title='bbox 1856 4796 1939 4878; x_wconf 83' lang='lat' dir='ltr'><strong>live</strong></span> <span class='ocrx_word' id='word_1_280' title='bbox 1960 4795 2195 4881; x_wconf 73' lang='lat' dir='ltr'><strong>cervusne,</strong></span> 
     </span>
    </p>
   </div>
   <div class='ocr_carea' id='block_1_11' title="bbox 703 4915 2196 5127">
    <p class='ocr_par' dir='ltr' id='par_1_11' title="bbox 703 4915 2196 5127">
     <span class='ocr_line' id='line_1_33' title="bbox 703 4915 2196 5025; baseline 0.006 -38"><span class='ocrx_word' id='word_1_281' title='bbox 703 4934 787 4989; x_wconf 89' lang='lat' dir='ltr'><strong>uno</strong></span> <span class='ocrx_word' id='word_1_282' title='bbox 811 4915 972 4991; x_wconf 79' lang='lat' dir='ltr'><strong>tramite</strong></span> <span class='ocrx_word' id='word_1_283' title='bbox 991 4917 1031 4989; x_wconf 89' lang='lat' dir='ltr'><strong>in</strong></span> <span class='ocrx_word' id='word_1_284' title='bbox 1051 4915 1220 5012; x_wconf 87' lang='lat' dir='ltr'><strong>longum</strong></span> <span class='ocrx_word' id='word_1_285' title='bbox 1247 4918 1463 4999; x_wconf 85' lang='lat' dir='ltr'><strong>decurrere</strong></span> <span class='ocrx_word' id='word_1_286' title='bbox 1475 4934 1678 5023; x_wconf 87' lang='lat' dir='ltr'><strong>pergunt,</strong></span> <span class='ocrx_word' id='word_1_287' title='bbox 1718 4949 1795 5003; x_wconf 89' lang='lat' dir='ltr'><strong>nec</strong></span> <span class='ocrx_word' id='word_1_288' title='bbox 1824 4925 1874 5002; x_wconf 85' lang='lat' dir='ltr'><strong>ad</strong></span> <span class='ocrx_word' id='word_1_289' title='bbox 1907 4925 2196 5025; x_wconf 89' lang='lat' dir='ltr'><strong>cotyledonum</strong></span> 
     </span>
     <span class='ocr_line' id='line_1_34' title="bbox 2086 5048 2194 5127; baseline -0.046 0"><span class='ocrx_word' id='word_1_290' title='bbox 2086 5048 2194 5127; x_wconf 87' lang='lat' dir='ltr'><strong>bassn</strong></span> 
     </span>
    </p>
   </div>
   <div class='ocr_carea' id='block_1_12' title="bbox 0 0 2477 6064">
    <p class='ocr_par' dir='ltr' id='par_1_12' title="bbox 0 0 2477 6064">
     <span class='ocr_line' id='line_1_35' title="bbox 0 0 2477 6064; baseline 0 0"><span class='ocrx_word' id='word_1_291' title='bbox 0 0 2477 6064; x_wconf 95' lang='lat' dir='ltr'><strong> </strong></span> 
     </span>
    </p>
   </div>
  </div>
 </body>
</html>
