4878 6064
910 472 913 477 ‘
941 503 1257 535 ··-·-·--
1904 500 1959 555 cv

243 714 388 792 inllata
407 713 480 789 est:
506 720 553 787 ut
574 714 616 785 in
633 701 923 808 Sphaerantho,
949 705 1109 792 Zinnia,
1135 705 1368 804 Anacyclo,
1398 704 1545 781 nullam
1570 714 1751 782 meretur
1766 711 1955 786 attentio-

242 867 361 918 nem.
406 840 594 915 Externa
620 840 742 932 igitur
768 856 1002 934 compageS,
1028 836 1067 906 in
1090 833 1276 907 omnibus
1299 836 1558 926 integerrima
1579 831 1657 917 est,
1684 844 1955 932 praeterquam

244 974 294 1044 in
314 966 531 1049 Gundelia,
555 959 668 1057 cujus
686 965 834 1060 quippe
854 959 1169 1058 receptaculum,
1197 963 1236 1032 in
1251 960 1389 1056 plures
1408 955 1565 1032 lobulos
1582 962 1770 1057 partiales
1787 961 1955 1038 divisum

242 1093 576 1193 deprehenditur.
619 1088 665 1162 ln
695 1087 881 1181 reliquis,
923 1086 1312 1183 superficiesvaria,
1352 1084 1642 1179 &generatim
1670 1084 1736 1161 vel
1761 1086 1953 1185 foveolis,

242 1222 324 1298 vel
341 1219 595 1301 eminentiis,
619 1215 689 1291 vel
702 1213 882 1312 partibus
899 1208 1119 1287 accelsoriis
1132 1219 1296 1286 exarata
1315 1209 1354 1284 δι
1376 1210 1514 1312 stipata
1533 1210 1609 1287 effe
1629 1211 1738 1288 solet.

354 1448 550 1529 Foveolis
563 1447 814 1545 exsculptum
841 1443 1159 1544 receptaculum,
1181 1445 1239 1520 est
1257 1444 1324 1518 vel

397 1626 685 1734 pandiculatum,
711 1627 778 1701 seu
792 1627 956 1700 minutis
971 1622 1129 1724 punitis
1144 1627 1248 1723 saepe
1263 1628 1337 1703 vix
1352 1623 1657 1701 discernibilibus
1666 1633 1867 1721 notatum,
1889 1650 1953 1733 ce·

455 1770 544 1833 tera
570 1777 672 1832 vero
693 1753 1001 1848 glaberrimum:
1027 1754 1071 1825 in
1095 1749 1283 1845 Lattuca,
1320 1750 1572 1839 Matricarla,
1609 1749 1953 1850 Chrysanthemo,

463 1882 665 1957 Tarraceto
687 1879 758 1954 &c

247 2026 260 2049 '
394 2029 683 2134 scrobiculotam,
708 2030 774 2106 seu
797 2031 910 2129 poris
931 2024 1171 2125 majoribus,
1206 2029 1521 2107 rotundiusculis
1545 2030 1585 2105 δι
1610 2033 1651 2105 in
1680 2034 1860 2128 margine
1883 2002 1962 2110 suo*

457 2159 604 2254 glabris
624 2167 856 2234 exaratum:
880 2158 923 2230 in
941 2152 1190 2240 Chondrilla,
1216 2155 1522 2252 Leontodonte,
1547 2153 1792 2243 Senecione,
1816 2156 1954 2258 Eupa-

456 2287 562 2360 torio
581 2284 652 2362 &a

403 2462 627 2560 alveolatum,
652 2474 721 2539 aut
726 2459 909 2562 savosum,
936 2464 1001 2538 seu
1016 2463 1123 2559 quali
1146 2467 1185 2538 in
1198 2464 1362 2541 cellulas
1379 2465 1716 2558 membranaceas,
1744 2465 1952 2560 angulatas

464 2594 568 2670 &ad
592 2615 705 2666 oram
723 2594 834 2668 varie
859 2592 1085 2666 crenulatas
1106 2593 1173 2666 vel
1190 2593 1338 2667 ciliatas
1352 2592 1678 2669 discriminatum:
1704 2594 1745 2665 in
1761 2589 1951 2690 Onopor-

456 2719 532 2805 do,
557 2715 790 2803 Arctotide,
821 2715 1032 2800 Andriala,
1069 2714 1251 2814 Cuspidia
1274 2718 1345 2793 &c
1394 2714 1514 2818 Saepe
1542 2719 1688 2793 alveoli
1713 2719 1770 2791 illi
1796 2717 1952 2792 nonniss

454 2847 621 2920 armatis
635 2845 764 2919 oculis
787 2844 957 2920 discerni
980 2840 1160 2943 pollunt3
1186 2842 1226 2918 &
1250 2845 1394 2942 saepius
1414 2865 1574 2941 quoque
1591 2866 1665 2942 per
1685 2846 1953 2919 maturitatem

463 2973 518 3045 ita
531 2969 815 3064 obliterantur,
838 2980 885 3046 ut
901 2994 1043 3046 eorum
1061 2971 1211 3045 cavitas
1232 2951 1481 3046 mammillari
1498 2969 1707 3047 tuberculo
1720 2972 1952 3072 impleatur:

456 3105 504 3172 ut
522 3100 561 3172 in
586 3097 800 3183 Hieracio,
826 3095 1033 3182 Pteronia,
1057 3094 1356 3192 Chrysocome3

404 3276 555 3362 variam
588 3299 732 3376 nempe
756 3277 1056 3351 scrobiculatum
1078 3278 1119 3350 in
1146 3275 1320 3359 ambitu,
1357 3275 1397 3351 ὃ(
1417 3277 1663 3355 alveolatum
1683 3280 1724 3351 in
1749 3277 1875 3354 disco:
1911 3279 1954 3351 in

458 3403 670 3488 Bacchari3
698 3412 767 3477 aut
778 3401 1076 3477 scrobiculatum
1097 3403 1138 3474 in
1160 3401 1449 3503 peripheria&
1465 3403 1649 3481 villosum
1665 3407 1707 3480 in
1732 3404 1883 3482 medio:
1909 3407 1953 3480 in

459 3526 673 3613 Gorteria,
697 3526 975 3628 Osteoipermo
997 3527 1068 3602 &c

355 3734 595 3816 Eminentiis
614 3742 741 3817 variis
756 3736 976 3815 distintlum
999 3737 1315 3836 receptaculum,
1342 3741 1401 3818 est
1415 3744 1483 3819 vel

403 3916 668 3997 talamarum:
694 3923 831 4020 parvis
842 3916 916 3994 scil.
928 3916 1146 3995 tuberculis
1158 3916 1340 3996 discretis
1352 3934 1422 3997 aut
1441 3926 1641 4021 contiguis
1654 3928 1952 4029 exasperatum:

465 4050 507 4120 in
521 4045 774 4151 Prenanthe,
799 4044 993 4144 Laplana,
1020 4042 1185 4129 Cotula,
1217 4042 1431 4122 Artemilia
1456 4048 1529 4126 &c

401 4225 611 4328 apiculotum
623 4229 690 4303 vel
710 4223 918 4303 aculeatum:
943 4225 1106 4324 spinulis
1125 4226 1311 4302 mollibus
1323 4225 1477 4316 diffitis,
1500 4235 1628 4330 probe
1642 4218 1805 4335 a'paleis
1820 4233 1953 4312 distin·
1986 4192 1988 4195 Ι

458 4353 644 4449 guendis:
672 4356 712 4428 in
734 4351 945 4438 cichorio,
970 4353 1147 4453 Eclipta,
1173 4352 1270 4438 Iva;
1295 4353 1422 4431 vel&
1445 4359 1635 4438 aculeolis
1663 4362 1952 4461 pungentibus:

339 4480 346 4495 ‘
459 4483 501 4554 in
521 4479 737 4567 Gundelia,
762 4480 1031 4579 conspersum

406 4657 560 4759 villosam
571 4660 610 4735 δι
622 4658 862 4759 tonrentosum:
888 4660 1053 4737 crinulis
1066 4662 1338 4761 capillaribus,
1363 4685 1418 4738 ex
1435 4664 1513 4762 ipsa
1528 4667 1766 4762 receptaculi
1783 4666 1953 4743 substan·

460 4790 514 4860 tia
534 4787 712 4862 oriundis
733 4783 977 4867 contettum:
1002 4790 1044 4864 in
1064 4786 1239 4877 Arnica,
1268 4786 1501 4885 Abllnthio,
1532 4789 1820 4892 Eriocephalo,
1852 4791 1953 4869 Tar·

460 4910 688 4989 chonantho
701 4913 773 4990 &a

1088 5093 1140 5210 οΙ
1779 5064 1953 5170 samm:
