<?xml version="1.0" encoding="UTF-8"?>
<!DOCTYPE html PUBLIC "-//W3C//DTD XHTML 1.0 Transitional//EN"
    "http://www.w3.org/TR/xhtml1/DTD/xhtml1-transitional.dtd">
<html xmlns="http://www.w3.org/1999/xhtml" xml:lang="en" lang="en">
 <head>
  <title>
</title>
<meta http-equiv="Content-Type" content="text/html;charset=utf-8" />
  <meta name='ocr-system' content='tesseract 3.04.00' />
  <meta name='ocr-capabilities' content='ocr_page ocr_carea ocr_par ocr_line ocrx_word'/>
</head>
<body>
  <div class='ocr_page' id='page_1' title='image "./defructibusetse00gaergoog_0055.png"; bbox 0 0 4852 6062; ppageno 0'>
   <div class='ocr_carea' id='block_1_1' title="bbox 490 513 1494 587">
    <p class='ocr_par' dir='ltr' id='par_1_1' title="bbox 490 513 1494 587">
     <span class='ocr_line' id='line_1_1' title="bbox 490 513 1494 587; baseline -0.004 0"><span class='ocrx_word' id='word_1_1' title='bbox 490 516 633 587; x_wconf 75' lang='lat' dir='ltr'><strong>xxxvi</strong></span> <span class='ocrx_word' id='word_1_2' title='bbox 1187 513 1494 569; x_wconf 38' lang='lat' dir='ltr'>a</span> 
     </span>
    </p>
   </div>
   <div class='ocr_carea' id='block_1_2' title="bbox 493 681 2189 928">
    <p class='ocr_par' dir='ltr' id='par_1_2' title="bbox 493 681 2189 928">
     <span class='ocr_line' id='line_1_2' title="bbox 493 681 2189 824; baseline -0.001 -25"><span class='ocrx_word' id='word_1_3' title='bbox 493 729 550 802; x_wconf 91' lang='lat' dir='ltr'><strong>ris</strong></span> <span class='ocrx_word' id='word_1_4' title='bbox 573 727 757 824; x_wconf 84' lang='lat' dir='ltr'><strong>paribus,</strong></span> <span class='ocrx_word' id='word_1_5' title='bbox 772 714 951 824; x_wconf 84' lang='lat' dir='ltr'><strong>&#39;perinde</strong></span> <span class='ocrx_word' id='word_1_6' title='bbox 974 722 1075 799; x_wconf 91' lang='lat' dir='ltr'><strong>bene</strong></span> <span class='ocrx_word' id='word_1_7' title='bbox 1103 719 1299 814; x_wconf 77' lang='lat' dir='ltr'><strong>succedat,</strong></span> <span class='ocrx_word' id='word_1_8' title='bbox 1345 719 1427 797; x_wconf 85' lang='lat' dir='ltr'><strong>five</strong></span> <span class='ocrx_word' id='word_1_9' title='bbox 1450 718 1645 818; x_wconf 86' lang='lat' dir='ltr'><strong>calyptrae</strong></span> <span class='ocrx_word' id='word_1_10' title='bbox 1671 716 1712 793; x_wconf 75' lang='grc' dir='ltr'><strong>δι</strong></span> <span class='ocrx_word' id='word_1_11' title='bbox 1728 718 1919 793; x_wconf 84' lang='lat' dir='ltr'><strong>antherae</strong></span> <span class='ocrx_word' id='word_1_12' title='bbox 1941 681 2019 793; x_wconf 84' lang='lat' dir='ltr'><strong>iliae</strong></span> <span class='ocrx_word' id='word_1_13' title='bbox 2042 714 2189 799; x_wconf 80' lang='lat' dir='ltr'><strong>adsint,</strong></span> 
     </span>
     <span class='ocr_line' id='line_1_3' title="bbox 493 847 752 928; baseline -0.004 -4"><span class='ocrx_word' id='word_1_14' title='bbox 493 850 575 928; x_wconf 87' lang='lat' dir='ltr'><strong>live</strong></span> <span class='ocrx_word' id='word_1_15' title='bbox 600 847 752 925; x_wconf 70' lang='lat' dir='ltr'><strong>desint?</strong></span> 
     </span>
    </p>
   </div>
   <div class='ocr_carea' id='block_1_3' title="bbox 490 1055 2213 2167">
    <p class='ocr_par' dir='ltr' id='par_1_3' title="bbox 490 1055 2213 2167">
     <span class='ocr_line' id='line_1_4' title="bbox 587 1055 2193 1165; baseline -0.008 -24"><span class='ocrx_word' id='word_1_16' title='bbox 587 1067 645 1141; x_wconf 88' lang='lat' dir='ltr'><strong>Et</strong></span> <span class='ocrx_word' id='word_1_17' title='bbox 666 1064 934 1160; x_wconf 88' lang='lat' dir='ltr'><strong>sicdenique,</strong></span> <span class='ocrx_word' id='word_1_18' title='bbox 966 1068 1085 1140; x_wconf 86' lang='lat' dir='ltr'><strong>etiam</strong></span> <span class='ocrx_word' id='word_1_19' title='bbox 1117 1067 1157 1139; x_wconf 94' lang='lat' dir='ltr'><strong>in</strong></span> <span class='ocrx_word' id='word_1_20' title='bbox 1187 1060 1371 1146; x_wconf 81' lang='lat' dir='ltr'><strong>Filicibus,</strong></span> <span class='ocrx_word' id='word_1_21' title='bbox 1409 1060 1618 1135; x_wconf 76' lang='lat' dir='ltr'><strong>masculini</strong></span> <span class='ocrx_word' id='word_1_22' title='bbox 1651 1059 1856 1158; x_wconf 80' lang='lat' dir='ltr'>spermatis</span> <span class='ocrx_word' id='word_1_23' title='bbox 1883 1055 2081 1165; x_wconf 84' lang='lat' dir='ltr'><strong>officinam</strong></span> <span class='ocrx_word' id='word_1_24' title='bbox 2108 1075 2193 1130; x_wconf 89' lang='lat' dir='ltr'><strong>non</strong></span> 
     </span>
     <span class='ocr_line' id='line_1_5' title="bbox 492 1179 2192 1286; baseline -0.009 -19"><span class='ocrx_word' id='word_1_25' title='bbox 492 1201 609 1267; x_wconf 84' lang='lat' dir='ltr'><strong>extra</strong></span> <span class='ocrx_word' id='word_1_26' title='bbox 636 1207 796 1265; x_wconf 85' lang='lat' dir='ltr'><strong>uterum</strong></span> <span class='ocrx_word' id='word_1_27' title='bbox 823 1192 1057 1265; x_wconf 80' lang='lat' dir='ltr'>muliebrem</span> <span class='ocrx_word' id='word_1_28' title='bbox 1084 1191 1337 1286; x_wconf 74' lang='lat' dir='ltr'><strong>quaerendam</strong></span> <span class='ocrx_word' id='word_1_29' title='bbox 1367 1186 1464 1271; x_wconf 87' lang='lat' dir='ltr'><strong>ell&#39;e,</strong></span> <span class='ocrx_word' id='word_1_30' title='bbox 1516 1183 1684 1282; x_wconf 88' lang='lat' dir='ltr'><strong>ipsarum</strong></span> <span class='ocrx_word' id='word_1_31' title='bbox 1708 1194 1903 1283; x_wconf 89' lang='lat' dir='ltr'><strong>partium,</strong></span> <span class='ocrx_word' id='word_1_32' title='bbox 1939 1208 2031 1280; x_wconf 87' lang='lat' dir='ltr'><strong>quae</strong></span> <span class='ocrx_word' id='word_1_33' title='bbox 2056 1179 2192 1280; x_wconf 82' lang='lat' dir='ltr'><strong>passim</strong></span> 
     </span>
     <span class='ocr_line' id='line_1_6' title="bbox 492 1305 2213 1410; baseline -0.001 -26"><span class='ocrx_word' id='word_1_34' title='bbox 492 1337 568 1409; x_wconf 86' lang='lat' dir='ltr'><strong>pro</strong></span> <span class='ocrx_word' id='word_1_35' title='bbox 592 1316 775 1390; x_wconf 83' lang='lat' dir='ltr'><strong>masculis</strong></span> <span class='ocrx_word' id='word_1_36' title='bbox 800 1319 1073 1399; x_wconf 79' lang='lat' dir='ltr'>venditantur,</span> <span class='ocrx_word' id='word_1_37' title='bbox 1100 1318 1328 1410; x_wconf 87' lang='lat' dir='ltr'><strong>qualitates,</strong></span> <span class='ocrx_word' id='word_1_38' title='bbox 1355 1313 1470 1409; x_wconf 89' lang='lat' dir='ltr'><strong>scopo</strong></span> <span class='ocrx_word' id='word_1_39' title='bbox 1492 1330 1574 1383; x_wconf 91' lang='lat' dir='ltr'><strong>non</strong></span> <span class='ocrx_word' id='word_1_40' title='bbox 1593 1313 1879 1410; x_wconf 85' lang='lat' dir='ltr'><strong>respondentes</strong></span> <span class='ocrx_word' id='word_1_41' title='bbox 1898 1313 1937 1388; x_wconf 75' lang='grc' dir='ltr'><strong>δι</strong></span> <span class='ocrx_word' id='word_1_42' title='bbox 1960 1315 2088 1407; x_wconf 88' lang='lat' dir='ltr'><strong>impar</strong></span> <span class='ocrx_word' id='word_1_43' title='bbox 2103 1305 2213 1409; x_wconf 62' lang='lat' dir='ltr'><strong>offi-x</strong></span> 
     </span>
     <span class='ocr_line' id='line_1_7' title="bbox 491 1435 2192 1536; baseline -0.001 -24"><span class='ocrx_word' id='word_1_44' title='bbox 491 1442 554 1512; x_wconf 86' lang='lat' dir='ltr'><strong>cio</strong></span> <span class='ocrx_word' id='word_1_45' title='bbox 576 1438 735 1532; x_wconf 86' lang='lat' dir='ltr'><strong>fabrica,</strong></span> <span class='ocrx_word' id='word_1_46' title='bbox 763 1443 950 1535; x_wconf 83' lang='lat' dir='ltr'><strong>suadere,</strong></span> <span class='ocrx_word' id='word_1_47' title='bbox 977 1443 1071 1535; x_wconf 85' lang='lat' dir='ltr'><strong>qu&#39;m</strong></span> <span class='ocrx_word' id='word_1_48' title='bbox 1085 1435 1229 1534; x_wconf 88' lang='lat' dir='ltr'><strong>jubere</strong></span> <span class='ocrx_word' id='word_1_49' title='bbox 1249 1440 1450 1515; x_wconf 89' lang='lat' dir='ltr'><strong>videntur.</strong></span> <span class='ocrx_word' id='word_1_50' title='bbox 1501 1435 1611 1512; x_wconf 89' lang='lat' dir='ltr'><strong>Nihil</strong></span> <span class='ocrx_word' id='word_1_51' title='bbox 1630 1438 1718 1512; x_wconf 89' lang='lat' dir='ltr'><strong>beic</strong></span> <span class='ocrx_word' id='word_1_52' title='bbox 1737 1440 1785 1514; x_wconf 91' lang='lat' dir='ltr'><strong>de</strong></span> <span class='ocrx_word' id='word_1_53' title='bbox 1802 1439 1982 1536; x_wconf 88' lang='lat' dir='ltr'><strong>partibus</strong></span> <span class='ocrx_word' id='word_1_54' title='bbox 2003 1435 2192 1512; x_wconf 76' lang='lat' dir='ltr'><strong>dicemus,</strong></span> 
     </span>
     <span class='ocr_line' id='line_1_8' title="bbox 490 1560 2192 1664; baseline -0.004 -26"><span class='ocrx_word' id='word_1_55' title='bbox 490 1587 590 1659; x_wconf 89' lang='lat' dir='ltr'><strong>quas</strong></span> <span class='ocrx_word' id='word_1_56' title='bbox 608 1565 866 1664; x_wconf 71' lang='lat' dir='ltr'><strong>Manum</strong></span> <span class='ocrx_word' id='word_1_57' title='bbox 897 1565 972 1663; x_wconf 83' lang='lat' dir='ltr'><strong>(i)</strong></span> <span class='ocrx_word' id='word_1_58' title='bbox 998 1566 1142 1640; x_wconf 89' lang='lat' dir='ltr'><strong>silicum</strong></span> <span class='ocrx_word' id='word_1_59' title='bbox 1166 1566 1333 1640; x_wconf 91' lang='lat' dir='ltr'><strong>lloribus</strong></span> <span class='ocrx_word' id='word_1_60' title='bbox 1352 1564 1511 1638; x_wconf 83' lang='lat' dir='ltr'>tribuit:</span> <span class='ocrx_word' id='word_1_61' title='bbox 1550 1584 1641 1636; x_wconf 90' lang='lat' dir='ltr'><strong>nam</strong></span> <span class='ocrx_word' id='word_1_62' title='bbox 1667 1571 1751 1638; x_wconf 88' lang='lat' dir='ltr'><strong>tota</strong></span> <span class='ocrx_word' id='word_1_63' title='bbox 1777 1566 1842 1639; x_wconf 90' lang='lat' dir='ltr'><strong>illa</strong></span> <span class='ocrx_word' id='word_1_64' title='bbox 1868 1560 2063 1641; x_wconf 73' lang='lat' dir='ltr'><strong>structura</strong></span> <span class='ocrx_word' id='word_1_65' title='bbox 2087 1581 2192 1632; x_wconf 89' lang='lat' dir='ltr'><strong>com·</strong></span> 
     </span>
     <span class='ocr_line' id='line_1_9' title="bbox 491 1684 2191 1790; baseline -0.001 -27"><span class='ocrx_word' id='word_1_66' title='bbox 491 1702 670 1785; x_wconf 83' lang='lat' dir='ltr'><strong>mentum</strong></span> <span class='ocrx_word' id='word_1_67' title='bbox 690 1703 829 1790; x_wconf 85' lang='lat' dir='ltr'><strong>aperte</strong></span> <span class='ocrx_word' id='word_1_68' title='bbox 847 1692 1026 1782; x_wconf 82' lang='lat' dir='ltr'><strong>redolet,</strong></span> <span class='ocrx_word' id='word_1_69' title='bbox 1061 1690 1100 1763; x_wconf 87' lang='lat'>&amp;</span> <span class='ocrx_word' id='word_1_70' title='bbox 1121 1714 1143 1764; x_wconf 91' lang='lat' dir='ltr'><strong>a</strong></span> <span class='ocrx_word' id='word_1_71' title='bbox 1160 1695 1319 1766; x_wconf 90' lang='lat' dir='ltr'><strong>nemine</strong></span> <span class='ocrx_word' id='word_1_72' title='bbox 1342 1689 1422 1766; x_wconf 91' lang='lat' dir='ltr'><strong>visa</strong></span> <span class='ocrx_word' id='word_1_73' title='bbox 1439 1697 1508 1762; x_wconf 87' lang='lat' dir='ltr'><strong>aut</strong></span> <span class='ocrx_word' id='word_1_74' title='bbox 1524 1689 1761 1764; x_wconf 84' lang='lat' dir='ltr'><strong>confirmata</strong></span> <span class='ocrx_word' id='word_1_75' title='bbox 1783 1690 1842 1766; x_wconf 86' lang='lat' dir='ltr'><strong>est</strong></span> <span class='ocrx_word' id='word_1_76' title='bbox 1862 1712 2050 1784; x_wconf 88' lang='lat' dir='ltr'><strong>unquam.</strong></span> <span class='ocrx_word' id='word_1_77' title='bbox 2101 1684 2191 1763; x_wconf 89' lang='lat' dir='ltr'><strong>Sta·</strong></span> 
     </span>
     <span class='ocr_line' id='line_1_10' title="bbox 492 1813 2193 1917; baseline 0 -30"><span class='ocrx_word' id='word_1_78' title='bbox 492 1819 598 1911; x_wconf 87' lang='lat' dir='ltr'><strong>mina</strong></span> <span class='ocrx_word' id='word_1_79' title='bbox 619 1839 716 1891; x_wconf 87' lang='lat' dir='ltr'><strong>vera</strong></span> <span class='ocrx_word' id='word_1_80' title='bbox 737 1829 887 1917; x_wconf 85' lang='lat' dir='ltr'><strong>autem,</strong></span> <span class='ocrx_word' id='word_1_81' title='bbox 922 1817 1160 1915; x_wconf 86' lang='lat' dir='ltr'><strong>&amp;apicibus</strong></span> <span class='ocrx_word' id='word_1_82' title='bbox 1183 1814 1367 1910; x_wconf 71' lang='lat' dir='ltr'><strong>instruiba</strong></span> <span class='ocrx_word' id='word_1_83' title='bbox 1398 1813 1721 1891; x_wconf 78' lang='lat' dir='ltr'><strong>Hsnwmws</strong></span> <span class='ocrx_word' id='word_1_84' title='bbox 1747 1839 1908 1911; x_wconf 87' lang='lat' dir='ltr'><strong>quoque</strong></span> <span class='ocrx_word' id='word_1_85' title='bbox 1938 1818 1975 1888; x_wconf 92' lang='lat' dir='ltr'><strong>in</strong></span> <span class='ocrx_word' id='word_1_86' title='bbox 2001 1813 2193 1887; x_wconf 91' lang='lat' dir='ltr'><strong>Filicibus</strong></span> 
     </span>
     <span class='ocr_line' id='line_1_11' title="bbox 491 1936 2192 2040; baseline 0.001 -31"><span class='ocrx_word' id='word_1_87' title='bbox 491 1936 574 2035; x_wconf 80' lang='lat' dir='ltr'><strong>(a)</strong></span> <span class='ocrx_word' id='word_1_88' title='bbox 600 1940 690 2021; x_wconf 89' lang='lat' dir='ltr'><strong>vult</strong></span> <span class='ocrx_word' id='word_1_89' title='bbox 710 1941 1027 2039; x_wconf 73' lang='lat' dir='ltr'><strong>deprehendisse,</strong></span> <span class='ocrx_word' id='word_1_90' title='bbox 1062 1964 1186 2037; x_wconf 86' lang='lat' dir='ltr'><strong>eaque</strong></span> <span class='ocrx_word' id='word_1_91' title='bbox 1212 1945 1251 2014; x_wconf 91' lang='lat' dir='ltr'><strong>in</strong></span> <span class='ocrx_word' id='word_1_92' title='bbox 1273 1942 1476 2017; x_wconf 90' lang='lat' dir='ltr'><strong>nonnullis</strong></span> <span class='ocrx_word' id='word_1_93' title='bbox 1490 1941 1705 2040; x_wconf 86' lang='lat' dir='ltr'><strong>Polypodii</strong></span> <span class='ocrx_word' id='word_1_94' title='bbox 1737 1941 1820 2039; x_wconf 85' lang='lat'><strong>(3)</strong></span> <span class='ocrx_word' id='word_1_95' title='bbox 1845 1942 1884 2016; x_wconf 74' lang='grc' dir='ltr'><strong>δι</strong></span> <span class='ocrx_word' id='word_1_96' title='bbox 1906 1937 2083 2039; x_wconf 89' lang='lat' dir='ltr'><strong>Asplenii</strong></span> <span class='ocrx_word' id='word_1_97' title='bbox 2109 1939 2192 2031; x_wconf 88' lang='lat'><strong>(4)</strong></span> 
     </span>
     <span class='ocr_line' id='line_1_12' title="bbox 491 2064 2192 2167; baseline -0.002 -28"><span class='ocrx_word' id='word_1_98' title='bbox 491 2066 716 2163; x_wconf 70' lang='lat' dir='ltr'><strong>speciebus,</strong></span> <span class='ocrx_word' id='word_1_99' title='bbox 751 2071 789 2141; x_wconf 90' lang='lat' dir='ltr'><strong>in</strong></span> <span class='ocrx_word' id='word_1_100' title='bbox 810 2070 948 2143; x_wconf 89' lang='lat' dir='ltr'><strong>aversa</strong></span> <span class='ocrx_word' id='word_1_101' title='bbox 967 2091 990 2141; x_wconf 91' lang='lat' dir='ltr'><strong>a</strong></span> <span class='ocrx_word' id='word_1_102' title='bbox 1011 2064 1380 2142; x_wconf 74' lang='lat' dir='ltr'><strong>fructificationibus</strong></span> <span class='ocrx_word' id='word_1_103' title='bbox 1400 2070 1567 2167; x_wconf 84' lang='lat' dir='ltr'><strong>pagina,</strong></span> <span class='ocrx_word' id='word_1_104' title='bbox 1608 2070 1660 2141; x_wconf 90' lang='lat' dir='ltr'><strong>ita</strong></span> <span class='ocrx_word' id='word_1_105' title='bbox 1683 2068 1873 2163; x_wconf 83' lang='lat' dir='ltr'><strong>collocata</strong></span> <span class='ocrx_word' id='word_1_106' title='bbox 1896 2064 1974 2145; x_wconf 82' lang='lat' dir='ltr'><strong>esse</strong></span> <span class='ocrx_word' id='word_1_107' title='bbox 1992 2065 2192 2164; x_wconf 83' lang='lat' dir='ltr'><strong>perhibet,</strong></span> 
     </span>
    </p>
   </div>
   <div class='ocr_carea' id='block_1_4' title="bbox 222 2178 2194 2285">
    <p class='ocr_par' dir='ltr' id='par_1_4' title="bbox 222 2178 2194 2285">
     <span class='ocr_line' id='line_1_13' title="bbox 222 2178 2194 2285; baseline -0.002 -20"><span class='ocrx_word' id='word_1_108' title='bbox 222 2244 225 2251; x_wconf 65' lang='grc'><em>.</em></span> <span class='ocrx_word' id='word_1_109' title='bbox 357 2178 366 2185; x_wconf 57' lang='grc'><strong>’</strong></span> <span class='ocrx_word' id='word_1_110' title='bbox 493 2203 558 2276; x_wconf 92' lang='lat' dir='ltr'><strong>ut,</strong></span> <span class='ocrx_word' id='word_1_111' title='bbox 577 2192 680 2267; x_wconf 76' lang='lat' dir='ltr'><strong>&#39;dum</strong></span> <span class='ocrx_word' id='word_1_112' title='bbox 697 2192 863 2271; x_wconf 83' lang='lat' dir='ltr'><strong>frondes</strong></span> <span class='ocrx_word' id='word_1_113' title='bbox 880 2194 1007 2268; x_wconf 89' lang='lat' dir='ltr'><strong>adhuc</strong></span> <span class='ocrx_word' id='word_1_114' title='bbox 1025 2198 1063 2269; x_wconf 94' lang='lat' dir='ltr'><strong>in</strong></span> <span class='ocrx_word' id='word_1_115' title='bbox 1085 2198 1256 2269; x_wconf 88' lang='lat' dir='ltr'><strong>circinos</strong></span> <span class='ocrx_word' id='word_1_116' title='bbox 1273 2193 1506 2270; x_wconf 74' lang='lat' dir='ltr'><strong>convolutae</strong></span> <span class='ocrx_word' id='word_1_117' title='bbox 1526 2193 1631 2285; x_wconf 90' lang='lat' dir='ltr'><strong>sunt,</strong></span> <span class='ocrx_word' id='word_1_118' title='bbox 1662 2193 1824 2269; x_wconf 89' lang='lat' dir='ltr'><strong>stamina</strong></span> <span class='ocrx_word' id='word_1_119' title='bbox 1844 2191 1926 2275; x_wconf 88' lang='lat' dir='ltr'><strong>illa,</strong></span> <span class='ocrx_word' id='word_1_120' title='bbox 1958 2189 2104 2265; x_wconf 73' lang='lat' dir='ltr'><strong>direste</strong></span> <span class='ocrx_word' id='word_1_121' title='bbox 2124 2189 2194 2263; x_wconf 86' lang='lat' dir='ltr'><strong>fibi</strong></span> 
     </span>
    </p>
   </div>
   <div class='ocr_carea' id='block_1_5' title="bbox 486 2311 2197 4178">
    <p class='ocr_par' dir='ltr' id='par_1_5' title="bbox 486 2311 2197 4178">
     <span class='ocr_line' id='line_1_14' title="bbox 491 2311 2192 2416; baseline -0.003 -24"><span class='ocrx_word' id='word_1_122' title='bbox 491 2317 696 2416; x_wconf 89' lang='lat' dir='ltr'><strong>oppositos</strong></span> <span class='ocrx_word' id='word_1_123' title='bbox 716 2321 921 2413; x_wconf 85' lang='lat' dir='ltr'><strong>glomeres</strong></span> <span class='ocrx_word' id='word_1_124' title='bbox 946 2321 1141 2395; x_wconf 87' lang='lat' dir='ltr'><strong>femineos</strong></span> <span class='ocrx_word' id='word_1_125' title='bbox 1163 2311 1397 2413; x_wconf 86' lang='lat' dir='ltr'><strong>contingere</strong></span> <span class='ocrx_word' id='word_1_126' title='bbox 1417 2328 1536 2413; x_wconf 91' lang='lat' dir='ltr'><strong>atque</strong></span> <span class='ocrx_word' id='word_1_127' title='bbox 1561 2320 1699 2392; x_wconf 88' lang='lat' dir='ltr'><strong>ovaria</strong></span> <span class='ocrx_word' id='word_1_128' title='bbox 1728 2321 1995 2416; x_wconf 73' lang='lat' dir='ltr'><strong>impraegnare</strong></span> <span class='ocrx_word' id='word_1_129' title='bbox 2024 2326 2192 2411; x_wconf 89' lang='lat' dir='ltr'><strong>queant:</strong></span> 
     </span>
     <span class='ocr_line' id='line_1_15' title="bbox 494 2439 2194 2541; baseline -0.001 -24"><span class='ocrx_word' id='word_1_130' title='bbox 494 2455 633 2518; x_wconf 89' lang='lat' dir='ltr'><strong>monet</strong></span> <span class='ocrx_word' id='word_1_131' title='bbox 655 2456 788 2518; x_wconf 88' lang='lat' dir='ltr'><strong>autem</strong></span> <span class='ocrx_word' id='word_1_132' title='bbox 810 2444 938 2538; x_wconf 82' lang='lat' dir='ltr'><strong>simul,</strong></span> <span class='ocrx_word' id='word_1_133' title='bbox 964 2446 1069 2541; x_wconf 91' lang='lat' dir='ltr'><strong>quod</strong></span> <span class='ocrx_word' id='word_1_134' title='bbox 1092 2445 1246 2539; x_wconf 86' lang='lat' dir='ltr'><strong>fugacia</strong></span> <span class='ocrx_word' id='word_1_135' title='bbox 1267 2444 1344 2519; x_wconf 85' lang='lat' dir='ltr'><strong>lint</strong></span> <span class='ocrx_word' id='word_1_136' title='bbox 1362 2443 1425 2518; x_wconf 88' lang='lat' dir='ltr'><strong>illa</strong></span> <span class='ocrx_word' id='word_1_137' title='bbox 1447 2443 1628 2528; x_wconf 91' lang='lat' dir='ltr'><strong>stamina,</strong></span> <span class='ocrx_word' id='word_1_138' title='bbox 1653 2443 1816 2538; x_wconf 85' lang='lat' dir='ltr'><strong>&amp;quod</strong></span> <span class='ocrx_word' id='word_1_139' title='bbox 1834 2443 1988 2520; x_wconf 79' lang='lat' dir='ltr'><strong>nonnisi</strong></span> <span class='ocrx_word' id='word_1_140' title='bbox 2007 2448 2046 2515; x_wconf 93' lang='lat' dir='ltr'><strong>in</strong></span> <span class='ocrx_word' id='word_1_141' title='bbox 2066 2439 2194 2515; x_wconf 81' lang='lat' dir='ltr'><strong>novis·</strong></span> 
     </span>
     <span class='ocr_line' id='line_1_16' title="bbox 486 2564 2193 2669; baseline -0.002 -28"><span class='ocrx_word' id='word_1_142' title='bbox 486 2564 596 2645; x_wconf 62' lang='lat' dir='ltr'><strong>&#39;simis</strong></span> <span class='ocrx_word' id='word_1_143' title='bbox 621 2593 668 2645; x_wconf 88' lang='lat' dir='ltr'><strong>ac</strong></span> <span class='ocrx_word' id='word_1_144' title='bbox 690 2571 816 2669; x_wconf 91' lang='lat' dir='ltr'><strong>probe</strong></span> <span class='ocrx_word' id='word_1_145' title='bbox 841 2571 1063 2646; x_wconf 85' lang='lat' dir='ltr'><strong>adhucdum</strong></span> <span class='ocrx_word' id='word_1_146' title='bbox 1094 2572 1325 2645; x_wconf 89' lang='lat' dir='ltr'><strong>convolutis</strong></span> <span class='ocrx_word' id='word_1_147' title='bbox 1356 2569 1570 2644; x_wconf 84' lang='lat' dir='ltr'><strong>frondibus</strong></span> <span class='ocrx_word' id='word_1_148' title='bbox 1593 2571 1763 2645; x_wconf 88' lang='lat' dir='ltr'><strong>debeant</strong></span> <span class='ocrx_word' id='word_1_149' title='bbox 1793 2572 1933 2665; x_wconf 88' lang='lat' dir='ltr'><strong>quaeri.</strong></span> <span class='ocrx_word' id='word_1_150' title='bbox 2001 2564 2079 2644; x_wconf 89' lang='lat' dir='ltr'><strong>Sed</strong></span> <span class='ocrx_word' id='word_1_151' title='bbox 2109 2588 2193 2639; x_wconf 91' lang='lat' dir='ltr'><strong>non</strong></span> 
     </span>
     <span class='ocr_line' id='line_1_17' title="bbox 488 2693 2197 2797; baseline -0.003 -29"><span class='ocrx_word' id='word_1_152' title='bbox 488 2693 630 2790; x_wconf 91' lang='lat' dir='ltr'><strong>liquet,</strong></span> <span class='ocrx_word' id='word_1_153' title='bbox 669 2717 839 2789; x_wconf 90' lang='lat' dir='ltr'><strong>quanam</strong></span> <span class='ocrx_word' id='word_1_154' title='bbox 860 2701 1013 2775; x_wconf 86' lang='lat' dir='ltr'><strong>virtute</strong></span> <span class='ocrx_word' id='word_1_155' title='bbox 1034 2706 1104 2770; x_wconf 88' lang='lat' dir='ltr'><strong>aut</strong></span> <span class='ocrx_word' id='word_1_156' title='bbox 1127 2698 1282 2770; x_wconf 88' lang='lat' dir='ltr'><strong>ratione</strong></span> <span class='ocrx_word' id='word_1_157' title='bbox 1302 2695 1468 2771; x_wconf 87' lang='lat' dir='ltr'><strong>stamina</strong></span> <span class='ocrx_word' id='word_1_158' title='bbox 1491 2697 1557 2769; x_wconf 89' lang='lat' dir='ltr'><strong>illa</strong></span> <span class='ocrx_word' id='word_1_159' title='bbox 1581 2697 1755 2796; x_wconf 79' lang='lat' dir='ltr'><strong>capsulas</strong></span> <span class='ocrx_word' id='word_1_160' title='bbox 1782 2694 2015 2797; x_wconf 87' lang='lat' dir='ltr'><strong>soecundare</strong></span> <span class='ocrx_word' id='word_1_161' title='bbox 2043 2704 2197 2788; x_wconf 87' lang='lat' dir='ltr'><strong>queant</strong></span> 
     </span>
     <span class='ocr_line' id='line_1_18' title="bbox 489 2818 2195 2920; baseline -0.001 -27"><span class='ocrx_word' id='word_1_162' title='bbox 489 2818 668 2913; x_wconf 87' lang='lat' dir='ltr'><strong>stigmate</strong></span> <span class='ocrx_word' id='word_1_163' title='bbox 686 2822 827 2906; x_wconf 89' lang='lat' dir='ltr'><strong>orbas,</strong></span> <span class='ocrx_word' id='word_1_164' title='bbox 865 2821 1065 2920; x_wconf 89' lang='lat' dir='ltr'><strong>operculis</strong></span> <span class='ocrx_word' id='word_1_165' title='bbox 1087 2820 1353 2899; x_wconf 81' lang='lat' dir='ltr'><strong>studiofiffime</strong></span> <span class='ocrx_word' id='word_1_166' title='bbox 1374 2821 1589 2916; x_wconf 63' lang='lat' dir='ltr'><strong>contestas,</strong></span> <span class='ocrx_word' id='word_1_167' title='bbox 1620 2823 1676 2907; x_wconf 73' lang='grc' dir='ltr'><strong>δι,</strong></span> <span class='ocrx_word' id='word_1_168' title='bbox 1708 2824 1923 2897; x_wconf 89' lang='lat' dir='ltr'><strong>ovulornm</strong></span> <span class='ocrx_word' id='word_1_169' title='bbox 1944 2822 2050 2904; x_wconf 89' lang='lat' dir='ltr'><strong>loco,</strong></span> <span class='ocrx_word' id='word_1_170' title='bbox 2076 2822 2195 2893; x_wconf 84' lang='lat' dir='ltr'><strong>&#39;mera</strong></span> 
     </span>
     <span class='ocr_line' id='line_1_19' title="bbox 489 2945 2194 3049; baseline -0.001 -31"><span class='ocrx_word' id='word_1_171' title='bbox 489 2945 856 3046; x_wconf 88' lang='lat' dir='ltr'><strong>adhucdumpulpa</strong></span> <span class='ocrx_word' id='word_1_172' title='bbox 878 2946 1073 3033; x_wconf 87' lang='lat' dir='ltr'><strong>refertas;</strong></span> <span class='ocrx_word' id='word_1_173' title='bbox 1122 2952 1217 3044; x_wconf 91' lang='lat' dir='ltr'><strong>quin</strong></span> <span class='ocrx_word' id='word_1_174' title='bbox 1241 2952 1375 3049; x_wconf 92' lang='lat' dir='ltr'><strong>potius</strong></span> <span class='ocrx_word' id='word_1_175' title='bbox 1396 2950 1623 3026; x_wconf 86' lang='lat' dir='ltr'><strong>facillimum</strong></span> <span class='ocrx_word' id='word_1_176' title='bbox 1648 2948 1721 3034; x_wconf 89' lang='lat' dir='ltr'><strong>est,</strong></span> <span class='ocrx_word' id='word_1_177' title='bbox 1758 2949 1905 3025; x_wconf 84' lang='lat' dir='ltr'><strong>velex</strong></span> <span class='ocrx_word' id='word_1_178' title='bbox 1933 2946 2014 3022; x_wconf 91' lang='lat' dir='ltr'><strong>solo</strong></span> <span class='ocrx_word' id='word_1_179' title='bbox 2039 2945 2194 3033; x_wconf 87' lang='lat' dir='ltr'><strong>habitu,</strong></span> 
     </span>
     <span class='ocr_line' id='line_1_20' title="bbox 489 3069 2195 3176; baseline -0.001 -33"><span class='ocrx_word' id='word_1_180' title='bbox 489 3069 582 3155; x_wconf 80' lang='lat' dir='ltr'><strong>situ,</strong></span> <span class='ocrx_word' id='word_1_181' title='bbox 624 3080 668 3145; x_wconf 91' lang='lat' dir='ltr'><strong>et</strong></span> <span class='ocrx_word' id='word_1_182' title='bbox 687 3084 915 3170; x_wconf 87' lang='lat' dir='ltr'><strong>proventus</strong></span> <span class='ocrx_word' id='word_1_183' title='bbox 937 3073 1099 3149; x_wconf 89' lang='lat' dir='ltr'><strong>istorum</strong></span> <span class='ocrx_word' id='word_1_184' title='bbox 1124 3075 1423 3153; x_wconf 91' lang='lat' dir='ltr'><strong>staminulorum</strong></span> <span class='ocrx_word' id='word_1_185' title='bbox 1443 3088 1646 3176; x_wconf 90' lang='lat' dir='ltr'><strong>tempore,</strong></span> <span class='ocrx_word' id='word_1_186' title='bbox 1685 3074 1927 3174; x_wconf 86' lang='lat' dir='ltr'><strong>perspicere,</strong></span> <span class='ocrx_word' id='word_1_187' title='bbox 1967 3071 2073 3167; x_wconf 87' lang='lat' dir='ltr'><strong>quod</strong></span> <span class='ocrx_word' id='word_1_188' title='bbox 2095 3070 2195 3143; x_wconf 90' lang='lat' dir='ltr'><strong>nihil</strong></span> 
     </span>
     <span class='ocr_line' id='line_1_21' title="bbox 489 3196 2192 3300; baseline -0.001 -31"><span class='ocrx_word' id='word_1_189' title='bbox 489 3196 593 3270; x_wconf 91' lang='lat' dir='ltr'><strong>aliud</strong></span> <span class='ocrx_word' id='word_1_190' title='bbox 613 3196 688 3272; x_wconf 85' lang='lat' dir='ltr'><strong>elle</strong></span> <span class='ocrx_word' id='word_1_191' title='bbox 703 3209 871 3294; x_wconf 85' lang='lat' dir='ltr'><strong>queant,</strong></span> <span class='ocrx_word' id='word_1_192' title='bbox 899 3220 1015 3293; x_wconf 90' lang='lat' dir='ltr'><strong>quam</strong></span> <span class='ocrx_word' id='word_1_193' title='bbox 1039 3202 1106 3299; x_wconf 92' lang='lat' dir='ltr'><strong>pili</strong></span> <span class='ocrx_word' id='word_1_194' title='bbox 1122 3203 1306 3297; x_wconf 79' lang='lat' dir='ltr'><strong>glutinosi</strong></span> <span class='ocrx_word' id='word_1_195' title='bbox 1329 3216 1448 3298; x_wconf 91' lang='lat' dir='ltr'><strong>atque</strong></span> <span class='ocrx_word' id='word_1_196' title='bbox 1467 3200 1698 3300; x_wconf 86' lang='lat' dir='ltr'><strong>capitellati‚</strong></span> <span class='ocrx_word' id='word_1_197' title='bbox 1723 3201 1862 3294; x_wconf 90' lang='lat' dir='ltr'><strong>quales</strong></span> <span class='ocrx_word' id='word_1_198' title='bbox 1877 3202 1994 3273; x_wconf 89' lang='lat' dir='ltr'><strong>etiam</strong></span> <span class='ocrx_word' id='word_1_199' title='bbox 2013 3221 2069 3273; x_wconf 87' lang='lat' dir='ltr'><strong>ex</strong></span> <span class='ocrx_word' id='word_1_200' title='bbox 2090 3198 2192 3270; x_wconf 89' lang='lat' dir='ltr'><strong>mul-</strong></span> 
     </span>
     <span class='ocr_line' id='line_1_22' title="bbox 489 3321 2194 3438; baseline 0 -42"><span class='ocrx_word' id='word_1_201' title='bbox 489 3324 543 3396; x_wconf 90' lang='lat' dir='ltr'><strong>tis</strong></span> <span class='ocrx_word' id='word_1_202' title='bbox 566 3321 651 3398; x_wconf 90' lang='lat' dir='ltr'><strong>aliis</strong></span> <span class='ocrx_word' id='word_1_203' title='bbox 675 3327 961 3421; x_wconf 86' lang='lat' dir='ltr'><strong>vegetabilibus</strong></span> <span class='ocrx_word' id='word_1_204' title='bbox 988 3324 1079 3433; x_wconf 72' lang='grc' dir='ltr'><strong>(ς),</strong></span> <span class='ocrx_word' id='word_1_205' title='bbox 1107 3332 1144 3400; x_wconf 90' lang='lat' dir='ltr'><strong>in</strong></span> <span class='ocrx_word' id='word_1_206' title='bbox 1163 3334 1292 3428; x_wconf 86' lang='lat' dir='ltr'><strong>primo</strong></span> <span class='ocrx_word' id='word_1_207' title='bbox 1312 3330 1559 3406; x_wconf 83' lang='lat' dir='ltr'><strong>evolutionis</strong></span> <span class='ocrx_word' id='word_1_208' title='bbox 1573 3327 1654 3401; x_wconf 84' lang='lat' dir='ltr'><strong>suae</strong></span> <span class='ocrx_word' id='word_1_209' title='bbox 1673 3325 1838 3402; x_wconf 77' lang='lat' dir='ltr'><strong>fervore</strong></span> <span class='ocrx_word' id='word_1_210' title='bbox 1850 3325 2103 3438; x_wconf 83' lang='lat' dir='ltr'><strong>constitutis,</strong></span> <span class='ocrx_word' id='word_1_211' title='bbox 2130 3349 2194 3396; x_wconf 92' lang='lat' dir='ltr'><strong>co-</strong></span> 
     </span>
     <span class='ocr_line' id='line_1_23' title="bbox 489 3449 2195 3554; baseline 0.002 -33"><span class='ocrx_word' id='word_1_212' title='bbox 489 3449 598 3549; x_wconf 88' lang='lat' dir='ltr'><strong>piose</strong></span> <span class='ocrx_word' id='word_1_213' title='bbox 614 3451 778 3548; x_wconf 88' lang='lat' dir='ltr'><strong>prodire</strong></span> <span class='ocrx_word' id='word_1_214' title='bbox 795 3461 838 3527; x_wconf 88' lang='lat' dir='ltr'><strong>et</strong></span> <span class='ocrx_word' id='word_1_215' title='bbox 852 3454 931 3526; x_wconf 90' lang='lat' dir='ltr'><strong>cito</strong></span> <span class='ocrx_word' id='word_1_216' title='bbox 953 3474 1114 3546; x_wconf 91' lang='lat' dir='ltr'><strong>quoque</strong></span> <span class='ocrx_word' id='word_1_217' title='bbox 1133 3460 1266 3554; x_wconf 90' lang='lat' dir='ltr'><strong>perire</strong></span> <span class='ocrx_word' id='word_1_218' title='bbox 1285 3456 1480 3529; x_wconf 88' lang='lat' dir='ltr'><strong>videmus.</strong></span> <span class='ocrx_word' id='word_1_219' title='bbox 1530 3451 1707 3551; x_wconf 90' lang='lat' dir='ltr'><strong>Propius</strong></span> <span class='ocrx_word' id='word_1_220' title='bbox 1725 3455 1855 3548; x_wconf 89' lang='lat' dir='ltr'><strong>itaque</strong></span> <span class='ocrx_word' id='word_1_221' title='bbox 1872 3475 1989 3547; x_wconf 91' lang='lat' dir='ltr'><strong>quam</strong></span> <span class='ocrx_word' id='word_1_222' title='bbox 2009 3451 2117 3536; x_wconf 87' lang='lat' dir='ltr'><strong>hacc,</strong></span> <span class='ocrx_word' id='word_1_223' title='bbox 2144 3450 2195 3525; x_wconf 89' lang='lat' dir='ltr'><strong>ad</strong></span> 
     </span>
     <span class='ocr_line' id='line_1_24' title="bbox 490 3576 2195 3687; baseline 0.001 -38"><span class='ocrx_word' id='word_1_224' title='bbox 490 3596 631 3649; x_wconf 87' lang='lat' dir='ltr'><strong>veram</strong></span> <span class='ocrx_word' id='word_1_225' title='bbox 655 3579 889 3687; x_wconf 87' lang='lat' dir='ltr'><strong>genitalium</strong></span> <span class='ocrx_word' id='word_1_226' title='bbox 907 3580 1079 3652; x_wconf 81' lang='lat' dir='ltr'><strong>formam</strong></span> <span class='ocrx_word' id='word_1_227' title='bbox 1101 3581 1291 3656; x_wconf 88' lang='lat' dir='ltr'><strong>accedunt</strong></span> <span class='ocrx_word' id='word_1_228' title='bbox 1314 3582 1463 3675; x_wconf 90' lang='lat' dir='ltr'><strong>globuli</strong></span> <span class='ocrx_word' id='word_1_229' title='bbox 1484 3581 1537 3655; x_wconf 90' lang='lat' dir='ltr'><strong>illi</strong></span> <span class='ocrx_word' id='word_1_230' title='bbox 1558 3581 1655 3653; x_wconf 89' lang='lat' dir='ltr'><strong>lutei</strong></span> <span class='ocrx_word' id='word_1_231' title='bbox 1683 3577 1796 3653; x_wconf 86' lang='lat' dir='ltr'><strong>succo</strong></span> <span class='ocrx_word' id='word_1_232' title='bbox 1812 3576 1967 3652; x_wconf 88' lang='lat' dir='ltr'><strong>viscido</strong></span> <span class='ocrx_word' id='word_1_233' title='bbox 1985 3577 2195 3675; x_wconf 88' lang='lat' dir='ltr'><strong>splenden-</strong></span> 
     </span>
     <span class='ocr_line' id='line_1_25' title="bbox 489 3699 2195 3805; baseline 0 -29"><span class='ocrx_word' id='word_1_234' title='bbox 489 3711 552 3779; x_wconf 86' lang='lat' dir='ltr'><strong>tes</strong></span> <span class='ocrx_word' id='word_1_235' title='bbox 571 3704 667 3775; x_wconf 88' lang='lat' dir='ltr'><strong>etin</strong></span> <span class='ocrx_word' id='word_1_236' title='bbox 687 3703 971 3802; x_wconf 86' lang='lat' dir='ltr'><strong>operculorum</strong></span> <span class='ocrx_word' id='word_1_237' title='bbox 995 3706 1141 3779; x_wconf 87' lang='lat' dir='ltr'><strong>ambitu</strong></span> <span class='ocrx_word' id='word_1_238' title='bbox 1162 3706 1294 3805; x_wconf 79' lang='lat' dir='ltr'><strong>positi,</strong></span> <span class='ocrx_word' id='word_1_239' title='bbox 1328 3727 1432 3803; x_wconf 89' lang='lat' dir='ltr'><strong>quos</strong></span> <span class='ocrx_word' id='word_1_240' title='bbox 1452 3708 1489 3779; x_wconf 95' lang='lat' dir='ltr'><strong>in</strong></span> <span class='ocrx_word' id='word_1_241' title='bbox 1513 3702 1749 3780; x_wconf 88' lang='lat' dir='ltr'><strong>Acrosticho</strong></span> <span class='ocrx_word' id='word_1_242' title='bbox 1776 3700 2005 3802; x_wconf 76' lang='lat' dir='ltr'><strong>llelipnride</strong></span> <span class='ocrx_word' id='word_1_243' title='bbox 2031 3699 2195 3778; x_wconf 79' lang='lat' dir='ltr'><strong>Senni-</strong></span> 
     </span>
     <span class='ocr_line' id='line_1_26' title="bbox 490 3826 2195 3930; baseline 0.001 -27"><span class='ocrx_word' id='word_1_244' title='bbox 490 3850 647 3905; x_wconf 78' lang='lat' dir='ltr'><strong>namus</strong></span> <span class='ocrx_word' id='word_1_245' title='bbox 674 3826 763 3926; x_wconf 85' lang='lat'><strong>(6)</strong></span> <span class='ocrx_word' id='word_1_246' title='bbox 790 3829 1022 3907; x_wconf 87' lang='lat' dir='ltr'><strong>observavit</strong></span> <span class='ocrx_word' id='word_1_247' title='bbox 1038 3842 1080 3906; x_wconf 90' lang='lat' dir='ltr'><strong>et</strong></span> <span class='ocrx_word' id='word_1_248' title='bbox 1097 3854 1171 3930; x_wconf 89' lang='lat' dir='ltr'><strong>pro</strong></span> <span class='ocrx_word' id='word_1_249' title='bbox 1187 3832 1367 3908; x_wconf 84' lang='lat' dir='ltr'><strong>antheris</strong></span> <span class='ocrx_word' id='word_1_250' title='bbox 1383 3833 1529 3909; x_wconf 88' lang='lat' dir='ltr'><strong>habuit.</strong></span> <span class='ocrx_word' id='word_1_251' title='bbox 1580 3826 1640 3904; x_wconf 81' lang='lat' dir='ltr'><strong>At</strong></span> <span class='ocrx_word' id='word_1_252' title='bbox 1655 3829 1855 3926; x_wconf 92' lang='lat' dir='ltr'><strong>quomodo</strong></span> <span class='ocrx_word' id='word_1_253' title='bbox 1873 3830 1937 3905; x_wconf 87' lang='lat' dir='ltr'><strong>hae</strong></span> <span class='ocrx_word' id='word_1_254' title='bbox 1952 3828 2105 3903; x_wconf 87' lang='lat' dir='ltr'><strong>suerint</strong></span> <span class='ocrx_word' id='word_1_255' title='bbox 2126 3852 2195 3904; x_wconf 90' lang='lat' dir='ltr'><strong>ve-</strong></span> 
     </span>
     <span class='ocr_line' id='line_1_27' title="bbox 489 3955 2197 4058; baseline 0.001 -30"><span class='ocrx_word' id='word_1_256' title='bbox 489 3978 549 4028; x_wconf 87' lang='lat' dir='ltr'><strong>rae</strong></span> <span class='ocrx_word' id='word_1_257' title='bbox 572 3955 769 4043; x_wconf 87' lang='lat' dir='ltr'><strong>antherae,</strong></span> <span class='ocrx_word' id='word_1_258' title='bbox 803 3980 894 4050; x_wconf 85' lang='lat' dir='ltr'><strong>quae</strong></span> <span class='ocrx_word' id='word_1_259' title='bbox 914 3958 1005 4030; x_wconf 90' lang='lat' dir='ltr'><strong>huic</strong></span> <span class='ocrx_word' id='word_1_260' title='bbox 1030 3958 1098 4032; x_wconf 89' lang='lat' dir='ltr'><strong>soli</strong></span> <span class='ocrx_word' id='word_1_261' title='bbox 1122 3968 1276 4032; x_wconf 87' lang='lat' dir='ltr'><strong>tantum</strong></span> <span class='ocrx_word' id='word_1_262' title='bbox 1302 3960 1438 4058; x_wconf 88' lang='lat' dir='ltr'><strong>speciei</strong></span> <span class='ocrx_word' id='word_1_263' title='bbox 1459 3955 1668 4041; x_wconf 80' lang='lat' dir='ltr'><strong>concessae,</strong></span> <span class='ocrx_word' id='word_1_264' title='bbox 1705 3957 1872 4051; x_wconf 90' lang='lat' dir='ltr'><strong>reliquis</strong></span> <span class='ocrx_word' id='word_1_265' title='bbox 1889 3977 1992 4033; x_wconf 87' lang='lat' dir='ltr'><strong>vero</strong></span> <span class='ocrx_word' id='word_1_266' title='bbox 2009 3957 2197 4030; x_wconf 90' lang='lat' dir='ltr'><strong>omnibus</strong></span> 
     </span>
     <span class='ocr_line' id='line_1_28' title="bbox 490 4078 2197 4178; baseline 0.002 -25"><span class='ocrx_word' id='word_1_267' title='bbox 490 4079 697 4174; x_wconf 86' lang='lat' dir='ltr'><strong>denegatae</strong></span> <span class='ocrx_word' id='word_1_268' title='bbox 720 4080 820 4158; x_wconf 74' lang='lat' dir='ltr'><strong>fine?</strong></span> <span class='ocrx_word' id='word_1_269' title='bbox 873 4080 995 4157; x_wconf 83' lang='lat' dir='ltr'><strong>Anne</strong></span> <span class='ocrx_word' id='word_1_270' title='bbox 1026 4088 1235 4178; x_wconf 88' lang='lat' dir='ltr'><strong>quicquam</strong></span> <span class='ocrx_word' id='word_1_271' title='bbox 1264 4109 1285 4159; x_wconf 89' lang='lat' dir='ltr'><strong>a</strong></span> <span class='ocrx_word' id='word_1_272' title='bbox 1314 4082 1486 4159; x_wconf 87' lang='lat' dir='ltr'><strong>Naturae</strong></span> <span class='ocrx_word' id='word_1_273' title='bbox 1510 4093 1705 4157; x_wconf 89' lang='lat' dir='ltr'><strong>concentu</strong></span> <span class='ocrx_word' id='word_1_274' title='bbox 1735 4085 1863 4176; x_wconf 86' lang='lat' dir='ltr'><strong>magis</strong></span> <span class='ocrx_word' id='word_1_275' title='bbox 1893 4078 2109 4157; x_wconf 74' lang='lat' dir='ltr'><strong>dissonum?</strong></span> <span class='ocrx_word' id='word_1_276' title='bbox 2154 4094 2197 4157; x_wconf 86' lang='lat' dir='ltr'><strong>et</strong></span> 
     </span>
    </p>
   </div>
   <div class='ocr_carea' id='block_1_6' title="bbox 490 4190 2202 4557">
    <p class='ocr_par' dir='ltr' id='par_1_6' title="bbox 490 4190 2202 4557">
     <span class='ocr_line' id='line_1_29' title="bbox 490 4190 2202 4304; baseline -0.001 -21"><span class='ocrx_word' id='word_1_277' title='bbox 490 4227 624 4283; x_wconf 87' lang='lat' dir='ltr'><strong>nonne</strong></span> <span class='ocrx_word' id='word_1_278' title='bbox 642 4210 777 4303; x_wconf 90' lang='lat' dir='ltr'><strong>potius</strong></span> <span class='ocrx_word' id='word_1_279' title='bbox 798 4208 966 4285; x_wconf 89' lang='lat' dir='ltr'><strong>evidens</strong></span> <span class='ocrx_word' id='word_1_280' title='bbox 983 4211 1056 4294; x_wconf 87' lang='lat' dir='ltr'><strong>est,</strong></span> <span class='ocrx_word' id='word_1_281' title='bbox 1092 4210 1200 4304; x_wconf 90' lang='lat' dir='ltr'><strong>quod</strong></span> <span class='ocrx_word' id='word_1_282' title='bbox 1221 4208 1303 4286; x_wconf 76' lang='lat' dir='ltr'><strong>istae</strong></span> <span class='ocrx_word' id='word_1_283' title='bbox 1321 4210 1521 4293; x_wconf 87' lang='lat' dir='ltr'><strong>antherae,</strong></span> <span class='ocrx_word' id='word_1_284' title='bbox 1554 4231 1678 4283; x_wconf 85' lang='lat' dir='ltr'><strong>merae</strong></span> <span class='ocrx_word' id='word_1_285' title='bbox 1695 4206 1771 4283; x_wconf 84' lang='lat' dir='ltr'><strong>fint</strong></span> <span class='ocrx_word' id='word_1_286' title='bbox 1784 4207 1983 4301; x_wconf 84' lang='lat' dir='ltr'><strong>glandulae</strong></span> <span class='ocrx_word' id='word_1_287' title='bbox 2004 4190 2202 4288; x_wconf 70' lang='lat' dir='ltr'><strong>viscosae,</strong></span> 
     </span>
     <span class='ocr_line' id='line_1_30' title="bbox 491 4328 2198 4438; baseline 0.003 -33"><span class='ocrx_word' id='word_1_288' title='bbox 491 4328 688 4407; x_wconf 87' lang='lat' dir='ltr'><strong>mellifluis</strong></span> <span class='ocrx_word' id='word_1_289' title='bbox 708 4328 784 4410; x_wconf 89' lang='lat' dir='ltr'><strong>illis</strong></span> <span class='ocrx_word' id='word_1_290' title='bbox 812 4334 996 4413; x_wconf 82' lang='lat' dir='ltr'><strong>vessculis</strong></span> <span class='ocrx_word' id='word_1_291' title='bbox 1027 4337 1225 4432; x_wconf 91' lang='lat' dir='ltr'><strong>analogae,</strong></span> <span class='ocrx_word' id='word_1_292' title='bbox 1266 4356 1366 4433; x_wconf 90' lang='lat' dir='ltr'><strong>quas</strong></span> <span class='ocrx_word' id='word_1_293' title='bbox 1388 4338 1507 4410; x_wconf 88' lang='lat' dir='ltr'><strong>etiam</strong></span> <span class='ocrx_word' id='word_1_294' title='bbox 1527 4330 1663 4410; x_wconf 87' lang='lat' dir='ltr'><strong>Pteris</strong></span> <span class='ocrx_word' id='word_1_295' title='bbox 1683 4330 1838 4433; x_wconf 77' lang='lat' dir='ltr'><strong>aquilina</strong></span> <span class='ocrx_word' id='word_1_296' title='bbox 1862 4331 1959 4438; x_wconf 79' lang='lat'><strong>(7),</strong></span> <span class='ocrx_word' id='word_1_297' title='bbox 1997 4336 2038 4410; x_wconf 87' lang='lat' dir='ltr'><strong>in</strong></span> <span class='ocrx_word' id='word_1_298' title='bbox 2060 4334 2198 4410; x_wconf 85' lang='lat' dir='ltr'><strong>calidis</strong></span> 
     </span>
     <span class='ocr_line' id='line_1_31' title="bbox 2025 4483 2194 4557; baseline 0 -22"><span class='ocrx_word' id='word_1_299' title='bbox 2025 4483 2194 4557; x_wconf 81' lang='lat' dir='ltr'><strong>regioni·</strong></span> 
     </span>
    </p>
   </div>
   <div class='ocr_carea' id='block_1_7' title="bbox 419 4695 2196 5207">
    <p class='ocr_par' dir='ltr' id='par_1_7' title="bbox 419 4695 2196 4928">
     <span class='ocr_line' id='line_1_32' title="bbox 419 4695 2196 4801; baseline 0.002 -41"><span class='ocrx_word' id='word_1_300' title='bbox 419 4780 436 4801; x_wconf 20' lang='grc' dir='ltr'><strong><em>ἡ</em></strong></span> <span class='ocrx_word' id='word_1_301' title='bbox 533 4695 578 4778; x_wconf 88' lang='grc' dir='ltr'><strong>ι.)</strong></span> <span class='ocrx_word' id='word_1_302' title='bbox 600 4695 691 4762; x_wconf 86' lang='lat' dir='ltr'><strong>Conf.</strong></span> <span class='ocrx_word' id='word_1_303' title='bbox 711 4703 897 4771; x_wconf 70' lang='lat' dir='ltr'><strong>Boanum</strong></span> <span class='ocrx_word' id='word_1_304' title='bbox 915 4699 1092 4793; x_wconf 69' lang='lat' dir='ltr'><strong>Spermarol</strong></span> <span class='ocrx_word' id='word_1_305' title='bbox 1108 4721 1137 4787; x_wconf 83' lang='lat' dir='ltr'><strong>p.</strong></span> <span class='ocrx_word' id='word_1_306' title='bbox 1151 4722 1198 4780; x_wconf 65' lang='lat'><strong>24</strong></span> <span class='ocrx_word' id='word_1_307' title='bbox 1399 4704 1448 4787; x_wconf 83' lang='lat'><strong>5.)</strong></span> <span class='ocrx_word' id='word_1_308' title='bbox 1471 4705 1693 4767; x_wconf 71' lang='lat' dir='ltr'><strong>Macaron.</strong></span> <span class='ocrx_word' id='word_1_309' title='bbox 1711 4705 1769 4785; x_wconf 86' lang='lat' dir='ltr'><strong>Op.</strong></span> <span class='ocrx_word' id='word_1_310' title='bbox 1790 4721 1872 4763; x_wconf 78' lang='lat' dir='ltr'><strong>ocur.</strong></span> <span class='ocrx_word' id='word_1_311' title='bbox 1893 4701 1942 4781; x_wconf 86' lang='lat' dir='ltr'><strong>lig.</strong></span> <span class='ocrx_word' id='word_1_312' title='bbox 1957 4717 2002 4775; x_wconf 83' lang='lat'><strong>50.</strong></span> <span class='ocrx_word' id='word_1_313' title='bbox 2020 4719 2068 4779; x_wconf 63' lang='lat'><strong>54</strong></span> <span class='ocrx_word' id='word_1_314' title='bbox 2083 4707 2130 4777; x_wconf 85' lang='lat'><strong>56.</strong></span> <span class='ocrx_word' id='word_1_315' title='bbox 2149 4718 2196 4780; x_wconf 76' lang='lat'><strong>57.</strong></span> 
     </span>
     <span class='ocr_line' id='line_1_33' title="bbox 530 4816 1803 4928; baseline -0.008 -27"><span class='ocrx_word' id='word_1_316' title='bbox 530 4843 582 4921; x_wconf 81' lang='lat'><strong>2.)</strong></span> <span class='ocrx_word' id='word_1_317' title='bbox 604 4841 725 4904; x_wconf 74' lang='lat' dir='ltr'><strong>Theon.</strong></span> <span class='ocrx_word' id='word_1_318' title='bbox 746 4856 879 4921; x_wconf 83' lang='lat' dir='ltr'><strong>generat.</strong></span> <span class='ocrx_word' id='word_1_319' title='bbox 900 4858 999 4928; x_wconf 63' lang='grc' dir='ltr'><strong>μμ.</strong></span> <span class='ocrx_word' id='word_1_320' title='bbox 1020 4842 1102 4927; x_wconf 85' lang='lat' dir='ltr'><strong>seqq.</strong></span> <span class='ocrx_word' id='word_1_321' title='bbox 1485 4832 1528 4893; x_wconf 79' lang='lat'><strong>58·</strong></span> <span class='ocrx_word' id='word_1_322' title='bbox 1548 4836 1593 4894; x_wconf 80' lang='lat'><strong>59·</strong></span> <span class='ocrx_word' id='word_1_323' title='bbox 1613 4822 1664 4883; x_wconf 75' lang='lat'><strong>62·</strong></span> <span class='ocrx_word' id='word_1_324' title='bbox 1683 4821 1728 4890; x_wconf 75' lang='lat'><strong>63·</strong></span> <span class='ocrx_word' id='word_1_325' title='bbox 1750 4816 1803 4879; x_wconf 64' lang='grc' dir='ltr'><strong>ἅῑ·</strong></span> 
     </span>
    </p>

    <p class='ocr_par' dir='ltr' id='par_1_8' title="bbox 419 4957 1882 5069">
     <span class='ocr_line' id='line_1_34' title="bbox 419 4957 1882 5069; baseline -0.003 -23"><span class='ocrx_word' id='word_1_326' title='bbox 419 5022 423 5031; x_wconf 83' lang='grc'><strong>-</strong></span> <span class='ocrx_word' id='word_1_327' title='bbox 531 4982 579 5063; x_wconf 73' lang='lat'><strong>2.)</strong></span> <span class='ocrx_word' id='word_1_328' title='bbox 602 4978 688 5045; x_wconf 71' lang='lat' dir='ltr'><strong>nux</strong></span> <span class='ocrx_word' id='word_1_329' title='bbox 702 4976 916 5066; x_wconf 56' lang='lat' dir='ltr'><strong>masmae</strong></span> <span class='ocrx_word' id='word_1_330' title='bbox 929 4981 1330 5069; x_wconf 64' lang='lat' dir='ltr'><strong>Plagoprerssryopvern.</strong></span> <span class='ocrx_word' id='word_1_331' title='bbox 1401 4965 1451 5035; x_wconf 68' lang='lat' dir='ltr'><strong>s)</strong></span> <span class='ocrx_word' id='word_1_332' title='bbox 1473 4957 1593 5031; x_wconf 68' lang='lat' dir='ltr'><strong>siaiu·</strong></span> <span class='ocrx_word' id='word_1_333' title='bbox 1608 4978 1637 5044; x_wconf 83' lang='lat' dir='ltr'><strong>a·</strong></span> <span class='ocrx_word' id='word_1_334' title='bbox 1653 4974 1698 5036; x_wconf 77' lang='lat' dir='ltr'><strong>u·</strong></span> <span class='ocrx_word' id='word_1_335' title='bbox 1714 4973 1734 5020; x_wconf 72' lang='lat'><strong>¹·</strong></span> <span class='ocrx_word' id='word_1_336' title='bbox 1752 4979 1789 5020; x_wconf 84' lang='lat'><strong>¹¹·</strong></span> <span class='ocrx_word' id='word_1_337' title='bbox 1806 4977 1846 5030; x_wconf 80' lang='lat'><strong>¹³·</strong></span> <span class='ocrx_word' id='word_1_338' title='bbox 1877 5010 1882 5017; x_wconf 84' lang='lat'>-</span> 
     </span>
    </p>

    <p class='ocr_par' dir='ltr' id='par_1_9' title="bbox 533 5099 2195 5207">
     <span class='ocr_line' id='line_1_35' title="bbox 533 5099 2195 5207; baseline -0.004 -19"><span class='ocrx_word' id='word_1_339' title='bbox 533 5131 581 5197; x_wconf 77' lang='grc'><strong>4.)</strong></span> <span class='ocrx_word' id='word_1_340' title='bbox 608 5120 837 5200; x_wconf 79' lang='lat' dir='ltr'><strong>Trichamanes,</strong></span> <span class='ocrx_word' id='word_1_341' title='bbox 857 5121 1049 5207; x_wconf 65' lang='lat' dir='ltr'><strong>&amp;obpansa</strong></span> <span class='ocrx_word' id='word_1_342' title='bbox 1067 5122 1151 5192; x_wconf 80' lang='lat' dir='ltr'><strong>Ruta</strong></span> <span class='ocrx_word' id='word_1_343' title='bbox 1170 5145 1290 5191; x_wconf 78' lang='lat' dir='ltr'><strong>maror.</strong></span> <span class='ocrx_word' id='word_1_344' title='bbox 1400 5110 1449 5182; x_wconf 62' lang='lat' dir='ltr'><strong>&#39;ii</strong></span> <span class='ocrx_word' id='word_1_345' title='bbox 1472 5105 1630 5166; x_wconf 66' lang='lat' dir='ltr'><strong>3⁰⁶00N·</strong></span> <span class='ocrx_word' id='word_1_346' title='bbox 1652 5104 1730 5163; x_wconf 67' lang='lat' dir='ltr'><strong>Mus·</strong></span> <span class='ocrx_word' id='word_1_347' title='bbox 1746 5120 1774 5184; x_wconf 79' lang='lat' dir='ltr'><strong>l&gt;-</strong></span> <span class='ocrx_word' id='word_1_348' title='bbox 1791 5120 1853 5175; x_wconf 80' lang='grc' dir='ltr'><strong>ι44·</strong></span> <span class='ocrx_word' id='word_1_349' title='bbox 1874 5103 1988 5163; x_wconf 60' lang='lat' dir='ltr'><strong>Hm·</strong></span> <span class='ocrx_word' id='word_1_350' title='bbox 2002 5099 2068 5161; x_wconf 66' lang='lat' dir='ltr'><strong>hist·</strong></span> <span class='ocrx_word' id='word_1_351' title='bbox 2082 5118 2107 5172; x_wconf 81' lang='lat'><strong>³·</strong></span> <span class='ocrx_word' id='word_1_352' title='bbox 2123 5119 2153 5183; x_wconf 85' lang='lat' dir='ltr'><strong>P·</strong></span> <span class='ocrx_word' id='word_1_353' title='bbox 2167 5111 2195 5169; x_wconf 60' lang='grc' dir='ltr'><strong>ἲ·</strong></span> 
     </span>
    </p>
   </div>
   <div class='ocr_carea' id='block_1_8' title="bbox 0 0 2430 6054">
    <p class='ocr_par' dir='ltr' id='par_1_10' title="bbox 0 0 2430 6054">
     <span class='ocr_line' id='line_1_36' title="bbox 0 0 2430 6054; baseline 0 0"><span class='ocrx_word' id='word_1_354' title='bbox 0 0 2430 6054; x_wconf 95' lang='lat' dir='ltr'><strong> </strong></span> 
     </span>
    </p>
   </div>
  </div>
 </body>
</html>
