4878 6064
443 504 618 558 LXXXVI
1147 508 1453 541 *⁸⁸¹¹*-

445 737 649 811 nunquam
669 705 867 783 difficilius
886 707 1034 781 averis
1053 706 1264 781 seminibus
1281 706 1396 781 oiseis
1418 708 1696 801 segregantur,
1721 729 1812 783 cum
1828 707 1972 804 quibus
1991 707 2064 781 scil.
2079 732 2151 782 ex-

444 852 562 914 terna
580 840 645 912 sua
666 835 794 909 sorma
815 837 868 907 ita
887 843 1133 927 congruunt,
1159 843 1206 905 ut
1226 835 1266 906 in
1287 834 1430 909 horum
1446 857 1606 930 quoque
1624 858 1837 909 numerum
1857 835 2031 911 amultis
2051 838 2151 908 reci-

444 972 485 1067 pi
502 967 661 1040 soleant.
712 961 770 1036 Ut
786 963 908 1065 igitur
924 968 1058 1033 certos
1076 959 1241 1042 limites,
1268 970 1460 1074 quantum
1476 962 1636 1055 quidem
1656 962 1745 1037 fieri
1767 962 1914 1061 potest,
1944 965 2047 1035 inter
2075 985 2150 1059 py-

444 1113 564 1167 renas
579 1101 697 1183 atque
713 1090 859 1163 semina
875 1087 1167 1182 illaponamus;
1190 1090 1322 1159 omnia
1337 1084 1495 1160 officula
1506 1088 1554 1160 ad
1567 1111 1698 1164 meras
1709 1086 1894 1185 Pyrenas
1912 1088 2150 1178 reseremus

445 1244 555 1315 quae:
585 1224 636 1293 1⁰.
664 1215 872 1314 superficie
892 1213 959 1287 sua
973 1214 1199 1301 exteriore,
1226 1215 1454 1307 neutiquam
1480 1216 1686 1310 laevigata,
1712 1215 1776 1291 sed
1800 1218 1934 1314 potius
1962 1216 2151 1289 scabrius-

444 1349 553 1430 cula,
582 1349 634 1418 ita
657 1336 921 1416 cumfrustus
940 1336 1149 1412 substantia
1165 1339 1393 1432 cohaerent,
1419 1351 1487 1424 ut,
1515 1344 1557 1417 vi
1580 1343 1724 1427 soluta,
1750 1351 1907 1440 partem
1920 1337 2007 1437 ejus
2021 1341 2149 1415 secum

443 1474 593 1547 ferant:
622 1473 660 1543 in
684 1467 898 1543 Mammea.
950 1470 1007 1540 2⁰.
1034 1486 1124 1557 quae
1140 1466 1178 1535 in
1195 1465 1325 1540 medio
1339 1464 1494 1541 fruitus
1515 1468 1660 1566 polita,
1684 1470 1783 1543 nulli
1805 1467 2053 1565 receptaculo
2069 1491 2149 1540 ma-

443 1598 612 1691 nifesto,
636 1607 706 1669 aut
722 1594 902 1668 funiculo
915 1588 1142 1682 umbilicali,
1167 1602 1285 1665 extra
1304 1594 1342 1666 se
1358 1592 1512 1691 politis,
1538 1593 1676 1680 affixa,
1704 1596 1765 1670 sed
1785 1595 1854 1669 soli
1877 1598 1985 1667 carni
2009 1594 2151 1667 adnata

443 1726 553 1800 sunt:
585 1725 625 1796 in
645 1720 865 1817 Aquisolio.
917 1724 971 1810 3⁰.
996 1741 1087 1811 quae
1105 1716 1324 1792 funiculum
1340 1722 1601 1795 umbilicalem
1614 1723 1916 1802 transmittunt,
1942 1714 2151 1819 utexejus

444 1853 632 1944 elongato
648 1849 875 1922 fmesemen
891 1844 1268 1940 liberumfpendeat:
1298 1849 1337 1918 in
1363 1845 1547 1924 Erithali.
1598 1853 1660 1939 4⁰.
1688 1870 1779 1941 quae
1798 1846 1868 1920 vel
1894 1847 1933 1917 in
1959 1848 2151 1921 cavitates

443 1978 631 2077 partiales
647 1973 835 2048 subdivisa
857 1973 963 2055 sunt,
995 1973 1032 2042 in
1053 1991 1222 2063 quarum
1244 1970 1413 2064 singula,
1439 1971 1636 2065 singulum
1656 1974 1786 2050 haeret
1807 1974 1965 2046 semen:
1993 1975 2031 2045 in
2048 1970 2150 2045 Gre-

443 2106 541 2186 wia3
568 2102 637 2177 vel
652 2123 743 2194 quae
761 2102 862 2172 intra
882 2099 1042 2171 unicum
1059 2097 1254 2189 loculum,
1279 2120 1362 2171 uno
1381 2099 1497 2196 plura
1514 2100 1691 2173 condunt
1710 2102 1873 2173 semina:
1901 2101 1939 2171 in
1964 2096 2149 2196 Mespila.

443 2236 495 2321 5⁰.
519 2252 610 2323 quae
628 2229 759 2303 semen
784 2227 992 2299 continent
1010 2225 1189 2298 colorato
1214 2227 1490 2318 integumento
1510 2229 1700 2324 proprio,
1727 2227 1792 2299 seu
1822 2224 2029 2322 conspicua
2051 2223 2150 2299 testa

442 2356 607 2454 propria
628 2354 830 2428 indutum:
858 2353 896 2426 in
915 2348 1190 2447 Cymiuosma3
1219 2351 1389 2446 denique
1409 2358 1467 2441 70.
1493 2373 1585 2446 quae
1605 2353 1682 2450 ipsa
1699 2353 1903 2435 excolora,
1930 2352 1998 2424 vel
2013 2352 2149 2424 saltem

442 2482 554 2554 nullo
577 2483 764 2579 peculiari
794 2478 927 2553 colore
957 2474 1075 2550 tinsta
1099 2478 1209 2559 suut,
1247 2478 1355 2550 sicuti
1385 2479 1576 2576 pleraque
1599 2479 1744 2552 semina
1773 2502 1874 2554 vera
1900 2476 1977 2550 else
2010 2477 2149 2549 solent.

442 2608 522 2682 His
541 2611 672 2701 itaque
689 2606 829 2700 fignis,
855 2601 1040 2699 Pyrenas
1058 2628 1079 2677 a
1099 2604 1311 2678 seminibus
1332 2602 1446 2678 oiseis
1469 2605 1742 2690 discernimus,
1768 2618 1888 2700 atque
1906 2603 2148 2686 difficultati,

442 2756 534 2827 quae
558 2758 612 2806 ex
633 2757 770 2809 earum
791 2731 1002 2830 praesentia
1030 2732 1067 2802 in
1097 2731 1247 2812 baccis,
1281 2726 1458 2827 respettu
1485 2730 1844 2807 loculamentorum
1865 2733 2042 2811 numeri,
2067 2729 2149 2800 ori·

421 2866 424 2871 '
441 2871 525 2943 tur,
553 2863 604 2933 ita
624 2860 850 2939 medemur,
875 2867 923 2930 ut
936 2879 1025 2930 curu
1039 2856 1257 2933 Veteribus
1270 2858 1406 2930 baccas
1420 2856 1637 2932 statuamus
1654 2851 2149 2955 di-iri·penta-poiy·pyrc-

441 3011 526 3069 aas,
552 2996 672 3079 atque
695 2992 927 3081 computum
947 2982 1308 3057 loculamentorum
1324 2984 1513 3058 ducamus
1537 3008 1745 3060 anumero
1765 2987 1980 3060 cavitatum
2003 2982 2147 3077 partia-

441 3114 539 3187 lium
554 3111 665 3185 srmul
682 3112 915 3184 sumturum:
941 3112 994 3182 ita
1021 3119 1068 3182 ut
1090 3107 1306 3182 Mammeae
1321 3110 1360 3185 &
1381 3109 1576 3206 Aquisolii
1602 3112 1717 3186 bacca
1743 3111 1791 3187 iit
1816 3123 2040 3208 tetrapyrrna
2064 3129 2148 3206 qua·

442 3234 680 3332 bisontium,
705 3237 744 3310 ὅ(
760 3235 874 3310 bacca
890 3232 1092 3319 Grewiae,
1118 3232 1155 3309 di
1162 3237 1208 3309 -l.
1223 3247 1446 3336 tetrapyrena
1464 3234 1714 3316 odolocularir.

539 3446 722 3522 Alteram
743 3454 897 3544 partem
913 3446 1061 3519 interni
1079 3441 1253 3531 fruitus,
1278 3444 1528 3546 Diffepimrniu
1540 3449 1565 3522 l.
1581 3445 1692 3546 Septa
1708 3447 1907 3532 efficiunt,
1933 3470 2024 3542 quae
2043 3446 2148 3543 saepe

442 3574 521 3651 sola
541 3573 900 3649 loculamentorum
919 3570 1066 3647 limites
1082 3572 1286 3647 definiunt.
1336 3573 1587 3649 Formantur
1603 3576 1821 3669 generatim
1841 3597 1894 3648 ex
1913 3574 2069 3647 laminis
2083 3595 2147 3645 va·

441 3704 513 3775 riae
528 3678 711 3774 crassitiei
726 3711 844 3794 atque
857 3699 1137 3787 consistentiae,
1164 3724 1255 3797 quae
1269 3703 1316 3775 ab
1332 3721 1412 3774 una
1424 3701 1470 3775 ad
1484 3703 1651 3775 alteram
1665 3699 1818 3776 fruitus
1830 3711 1986 3800 partem
2001 3695 2145 3779 austae,

441 3829 609 3900 nuncin
634 3826 814 3924 opposito
840 3827 989 3921 latere,
1016 3850 1121 3902 nunc
1139 3832 1180 3901 in
1197 3829 1282 3912 axi,
1308 3829 1348 3903 ὃ(
1369 3850 1476 3902 nunc
1503 3850 1665 3923 quoque
1691 3839 1783 3903 ante
1806 3830 1911 3902 bunc
1927 3828 2149 3909 simulitum

372 4046 388 4057 ,Ι
442 3962 576 4030 cetera
591 3976 693 4029 vero
714 3954 967 4045 sequentibus
984 3957 1299 4053 proprietatibus
1312 3966 1431 4051 atque
1443 3937 1579 4029 'modis
1594 3958 1700 4029 inter
1715 3955 1752 4028 se
1767 3953 1979 4029 differunt:

538 4160 793 4238 Cohaeiione:
820 4162 924 4238 unde
948 4163 1217 4264 dissepimenta
1234 4162 1425 4271 fentralia,
1450 4187 1649 4260 quaecum
1673 4167 1740 4239 axi
1763 4162 1918 4241 fruitus
1941 4167 2148 4240 cohaerent

440 4288 479 4364 &
494 4312 516 4361 a
531 4290 748 4386 parietibus
765 4313 838 4387 per
850 4293 1121 4365 maturitatem
1140 4270 1279 4390 sponte
1300 4293 1532 4367 solvuntur:
1557 4293 1648 4366 sunt
1668 4292 1738 4367 vel
1755 4292 1925 4368 stabilia:
1953 4296 1991 4367 in
2013 4289 2146 4371 Swie-

439 4419 568 4499 tenia,
601 4414 789 4507 Cedrela‚
824 4414 1036 4503 Paullinia;
1062 4420 1130 4494 vel
1158 4417 1350 4493 rarissime
1376 4418 1519 4493 caduca
1546 4415 1757 4494 smobz'lia:
1783 4422 1822 4493 in
1849 4418 2084 4513 Plantagine
2106 4419 2150 4493 δε

439 4540 626 4617 Banksris
646 4542 935 4617 bilocularibus.
984 4543 1206 4629 Parietaliu,
1232 4566 1323 4639 quae
1337 4546 1385 4621 ab
1400 4549 1466 4619 axi
1480 4528 1690 4628 secedunt,
1717 4546 1757 4620 δι
1772 4569 1860 4621 cum
1875 4549 2043 4621 maturis
2060 4545 2145 4620 val·

439 4671 547 4745 vulis
566 4670 788 4744 cohaerent:
815 4672 854 4742 in
881 4667 1024 4769 Tulipa
1052 4670 1334 4747 &innumeris
1357 4673 1453 4748 aliis.
1505 4669 1738 4770 Copusaiiva,
1765 4695 1858 4766 quae
1878 4695 1950 4749 nec
1980 4674 2026 4747 ab
2055 4673 2143 4755 axi,

439 4820 551 4870 neca
570 4798 789 4894 parietibus
807 4818 982 4889 unquam
1001 4801 1161 4894 penitus
1185 4798 1422 4875 solvuntur:
1449 4802 1490 4874 in
1503 4796 1766 4898 Campanula,
1792 4796 2023 4896 saxifraga,
2049 4799 2144 4874 dru-

438 4927 502 5024 pis
523 4926 744 5022 plerisque,
772 4923 811 4997 δι
837 4923 963 4998 baccis
989 4924 1185 4999 omnibus·

1893 5054 2147 5160 Extenlione
