4878 6064
944 461 1247 547 ἔξω
1406 462 1409 469 ’
1514 525 1520 540 .
1838 478 1944 547 ccxx

242 680 532 780 longitudinem
547 680 707 779 quidem
725 680 848 760 vel&
864 683 1113 761 latitudinem
1133 684 1317 764 cavitatis
1337 680 1449 761 testae
1465 687 1654 783 proxime
1675 685 1944 787 assequuntur,

243 814 308 892 sed
326 811 457 894 ilbam,
486 810 537 884 ob
559 810 772 886 albuminis
794 810 1063 910 praesentiam,
1089 832 1173 885 non
1191 819 1318 885 totam
1339 811 1500 910 replere
1523 811 1707 912 possunt,
1731 826 1778 893 ut
1793 821 1833 891 in
1847 815 1946 893 Bar·
2019 904 2024 909 .

236 938 464 1034 -ringtonia,
490 933 709 1030 Hugonia,
734 931 976 1021 Ceratonia,
1008 931 1236 1038 Spathelia,
1275 934 1478 1013 Tricoccis
1513 937 1553 1013 br
1587 940 1811 1020 innumeris
1845 945 1946 1039 aliis.

242 1068 377 1145 Parva
395 1062 470 1136 dici
491 1058 666 1160 possunt,
693 1084 786 1157 quaa
809 1085 883 1139 nec
902 1062 1098 1138 dimidiam
1118 1063 1276 1140 seminis
1301 1062 1590 1156 longitudinem
1614 1069 1834 1162 attingunt,
1868 1093 1946 1149 nec

241 1200 384 1288 quarta
406 1197 540 1263 tamen
562 1182 650 1283 ejus
665 1198 779 1286 parte
797 1190 1006 1265 breviores
1025 1188 1132 1273 sunt,
1156 1196 1203 1261 ut
1219 1189 1260 1260 in
1279 1186 1576 1274 Umbelliferis,
1600 1184 1838 1270 Stellatis&
1855 1197 1945 1274 aliis

241 1319 392 1396 multis.
441 1315 595 1391 Minuta
616 1313 799 1408 deniquae
823 1314 1037 1398 habentur,
1063 1335 1155 1408 quae
1173 1309 1279 1385 infra
1299 1312 1420 1388 modo
1449 1311 1573 1389 dirtos
1596 1320 1792 1395 terminos
1819 1319 1944 1395 confi·

240 1446 349 1522 stunt
368 1442 407 1517 δι
423 1461 711 1535 nonnunquam
729 1442 805 1516 vix
822 1443 985 1517 armatis
1004 1440 1129 1517 oculis
1142 1436 1307 1512 discerni
1324 1437 1501 1537 poll'unt,
1525 1448 1573 1515 ut
1590 1443 1631 1515 in
1647 1442 1786 1533 Erico,
1811 1445 1943 1544 Aqui·

240 1574 365 1670 legia,
390 1565 564 1660 Urmia,
589 1564 735 1649 Illicio,
756 1563 990 1661 Aquifolio,
1019 1562 1370 1642 Ranunculis·&c..

339 1779 453 1857 Situs
470 1776 671 1854 absolutus
686 1775 971 1873 cotyledonum
987 1778 1142 1880 semper
1160 1780 1200 1853 in
1219 1778 1403 1876 lbprema
1427 1777 1621 1856 radiculae'
1633 1752 1753 1879 ¹parte
1776 1781 1942 1859 colloca-

242 1923 310 1988 tus
327 1907 403 1984 elle
422 1905 624 1987 censetur,
647 1902 796 1977 etiamsi
816 1902 905 1976 haec
930 1904 1109 1989 inversa,
1137 1914 1207 1981 aut
1225 1904 1308 1981 istae
1325 1904 1493 1979 adlatus
1517 1901 1639 2001 hujus
1658 1905 1847 1995 deflexae,
1873 1909 1944 1988 vel

243 2041 347 2113 circa
368 2057 456 2109 eam
479 2028 717 2105 convolutae·
732 2025 820 2101 llnb
859 2026 1082 2111 ,Rel'ativus
1115 2054 1217 2108 vero
1235 2030 1343 2105 situs
1359 2020 1517 2129 respicit
1532 2018 1791 2128 'pofitionem,
1823 2058 1942 2131 quam

241 2161 310 2239 vel
333 2164 439 2237 inter
460 2153 617 2255 se2ipsae
643 2156 815 2238 tenent,
830 2152 898 2230 vel
920 2176 1039 2250 quam
1060 2152 1239 2254 respesm
1265 2165 1532 2232 externarum
1551 2155 1711 2233 seminis
1732 2162 1943 2264 regionum

239 2287 406 2362 habent..
446 2283 492 2358 In
509 2281 784 2381 prioriitaque
804 2280 892 2354 casu
906 2277 1180 2376 Cotyledones
1194 2281 1381 2358 dicuntur

388 2436 586 2532 contigua,
602 2452 771 2527 quarum
790 2433 948 2530 paginae
966 2434 1161 2553 internae,
1184 2436 1225 2508 in
1252 2433 1426 2528 lingulis-
1441 2433 1520 2509 suis
1544 2433 1703 2533 punstis
1733 2437 1773 2512 se
1799 2445 1939 2512 mutuo

440 2564 698 2654 contingunt,
723 2570 771 2633 ut
792 2559 838 2632 in
856 2555 1098 2657 Compositis
1114 2560 1154 2635 &
1171 2559 1292 2655 longe
1312 2562 1490 2639 maximo
1515 2564 1766 2655 cognitarum
1793 2562 1942 2661 planta»

435 2711 527 2765 rum
550 2706 746 2772 numero,

387 2845 566 2948 opposttae,
593 2861 762 2937 quarum
781 2840 941 2936 quidem
955 2844 1112 2942 paginae
1135 2841 1306 2918 internae
1328 2842 1367 2917 se
1388 2848 1530 2917 mutuo
1552 2838 1779 2938 respiciunt,
1802 2841 1872 2916 sed'
1890 2841 1947 2915 ob

437 2966 614 3043 inflexos
636 2967 857 3073 margines,
882 2966 940 3051 se,
965 2967 1032 3045 vel
1052 2968 1170 3065 plane
1191 2989 1293 3053 non,
1320 2969 1390 3046 vel
1415 2967 1556 3043 nonin
1578 2966 1763 3040 omnibus
1782 2964 1942 3065 punitis

441 3095 675 3188 contingere
699 3089 876 3190 possunt,
899 3101 947 3167 ut
970 3089 1238 3189 inAubletia,
1254 3093 1427 3180 Rivina,
1447 3090 1834 3180 Gaura,-Coldenia,
1860 3090 1940 3168 Ge-

437 3221 744 3325 raniopratrnfi31
1233 3215 1237 3223 ’

383 3369 619 3456 collaterales,
645 3394 733 3447 cum
749 3372 873 3447 altera
889 3358 1116 3450 adulterius
1131 3373 1296 3447 latusin
1320 3371 1460 3449 eodem
1475 3370 1597 3472 plano
1620 3368 1797 3448 verticali
1816 3371 1941 3470 polita

439 3499 516 3585 est,
541 3507 591 3573 ut
603 3497 681 3573 suis
696 3506 853 3573 tantum
869 3498 1115 3592 marginibus
1132 3498 1355 3572 internisse
1379 3508 1519 3573 mutuo
1541 3498 1860 3591 contingerevel
1873 3521 1943 3572 re-

436 3624 585 3723 spicere
606 3631 776 3719 queant,
801 3633 851 3698 ut
870 3627 910 3698 in
928 3623 1053 3702 Visco
1065 3634 1183 3718 atque
1198 3621 1474 3722 lVlenispermo
1490 3621 1657 3708 coccum

385 3774 623 3873 divagantes,
648 3798 741 3871 quae
756 3775 834 3852 basi
850 3776 916 3851 sua
931 3769 1099 3869 junstam
1124 3778 1234 3874 apice
1249 3797 1352 3851 vero
1375 3778 1414 3849 in
1439 3777 1661 3851 contrarias
1682 3776 1819 3874 plagas
1840 3796 1940 3852 ver·

376 3903 379 3908 ’
443 3912 565 3998 gunt,
586 3912 638 3978 ub
659 3904 698 3977 in
718 3898 1193 4004 Menispermoflnrstruto
1212 3912 1332 3995 atque
1354 3899 1589 3996 Myristicaa

382 4054 619 4141 verticillato,
644 4076 736 4151 quae
763 4056 866 4129 circa
886 4049 1078 4153 punaium
1112 4076 1324 4128 commune
1353 4057 1393 4127 in
1419 4055 1557 4131 orbem
1590 4053 1727 4152 politae
1752 4051 1859 4137 sunt,
1890 4060 1941 4126 ut

429 4183 617 4259 tamense
644 4191 785 4258 mutuo
808 4183 1061 4274 contingant:
1089 4182 1127 4253 in
1149 4179 1252 4255 Plno
1276 4188 1396 4274 atque
1423 4179 1695 4280 Rhizophora.

333 4349 378 4425 lh
395 4353 522 4428 altero
544 4350 647 4435 casu,
674 4372 756 4446 quo
774 4347 945 4425 srtusex
959 4347 1192 4442 regionibus
1206 4346 1564 4422 seminis-externis
1581 4342 1838 4442 dijudicatur,
1865 4346 1940 4422 ba-

231 4481 383 4557 bentur
405 4480 675 4577 cotyledones

383 4627 624 4717 imbibentes,
651 4652 741 4707 cum
754 4632 890 4707 altera¹
903 4629 1091 4714 dorsum,
1105 4626 1286 4705 &altera
1304 4636 1492 4707 uentrem
1514 4629 1672 4703 seminis
1688 4628 1865 4725 respicit,
1889 4634 1948 4702 ut¹

437 4759 598 4856 planum
615 4762 742 4834 mutui
759 4754 964 4833 contestas
986 4779 1078 4830 cum
1097 4759 1165 4830 axi
1192 4753 1346 4833 frustus
1366 4756 1393 4829 1.
1423 4756 1582 4829 seminis
1607 4748 1840 4851 parallelum
1868 4753 1938 4827 lita

438 4888 479 4962 iu
506 4886 806 4984 Hyoscyamo„
822 4885 1042 4969 Cucubalo,
1067 4883 1334 4967 Hermannia,
1360 4877 1525 4964 Coffea,
1547 4878 1797 4963 Malvaceis3.

1687 5040 1935 5130 atrabates,
