4878 6064
511 489 647 552 ΜΠ
1196 480 1511 546 ==

507 707 628 782 nibus
644 694 775 779 visci,
799 686 990 773 unaue,
1014 684 1388 788 Embryopteridis,
1408 684 1626 786 paucisque
1643 681 1741 760 aliis.
1796 676 2025 760 Lutescens
2042 683 2083 762 dc
2098 691 2212 765 meli·

507 850 615 916 mis,
651 828 694 901 in
713 817 928 900 seminibus
942 814 1228 893 vemffionbus
1251 816 1414 891 minime
1434 810 1686 905 infrequens,
1718 811 1817 906 quin
1837 809 1878 884 dc
1892 809 2025 888 flavus
2043 815 2083 886 in
2103 814 2211 893 Boc.

509 958 638 1032 coniae
660 947 857 1025 albumine
879 951 1068 1042 repertus
1096 940 1164 1018 est.
1213 939 1393 1015 Luridus
1413 961 1514 1016 vero
1532 937 1573 1012 δι
1599 954 1757 1031 aqueo··
1766 937 1950 1032 glaucus,
1988 941 2211 1036 praesertim

394 1112 397 1119 ’
511 1081 652 1162 versus
671 1071 962 1176 peripheriam‚
992 1069 1034 1142 in
1050 1064 1337 1153 Bermudiana,
1375 1064 1616 1149 Helleboro,
1647 1062 1882 1162 Delphinio,
1913 1063 2115 1165 Hypecoo
2138 1069 2211 1144 &c

507 1204 705 1290 occurrit3
734 1199 774 1274 dc
795 1197 965 1293 denique
985 1193 1230 1270 rubicundus
1245 1203 1315 1267 aut
1334 1192 1573 1286 sanguineus
1595 1187 1712 1263 datur
1741 1191 1781 1262 in
1794 1187 1960 1267 Codone
1984 1203 2104 1288 atque
2125 1193 2210 1270 Pit·

504 1332 679 1431 tosporo.
728 1320 810 1402 Sed
832 1341 973 1400 omnes
997 1322 1040 1397 hi
1068 1319 1246 1403 colores,
1280 1326 1433 1416 praeter
1466 1317 1593 1393 solum
1612 1314 1803 1401 viridem,
1837 1319 1885 1392 ab
1910 1341 2011 1414 aqua
2028 1320 2144 1397 brevi
2169 1322 2209 1397 in

504 1458 656 1541 album,
688 1473 862 1545 eumque
884 1450 953 1527 vel
975 1469 1144 1548 purum,
1180 1442 1248 1522 vel
1271 1444 1556 1545 pallescentem
1585 1452 1900 1530 convertuntur,
1938 1468 2063 1544 quare
2090 1448 2212 1526 etiam

504 1584 587 1667 bic,
627 1579 762 1655 iinon
781 1600 858 1680 pro
877 1574 1109 1659 universali,
1144 1579 1280 1647 tamen
1298 1594 1375 1672 pro
1394 1569 1638 1650 utitatiffimo
1655 1564 1777 1668 hujus
1795 1574 1969 1650 visceris
1983 1573 2119 1650 colore
2138 1575 2210 1650 ha-

506 1708 663 1787 bendus
683 1708 774 1782 erit

602 1873 717 1951 Odor
736 1872 965 1969 denique&
983 1872 1099 1969 sapor
1117 1865 1165 1941 ab
1179 1864 1384 1942 'albumine
1399 1867 1664 1967 utplurimum
1680 1868 1843 1967 penitus
1867 1868 2054 1954 exulant,
2088 1877 2209 1965 atque

503 2000 601 2078 adeo
627 2022 751 2100 pauca
774 2000 920 2076 dantur
939 1998 1084 2074 semina
1107 1992 1290 2079 odorata,
1316 1992 1445 2094 sapida
1465 2003 1584 2089 atque
1605 1997 1836 2080 aromatica,
1868 2003 1916 2068 ut
1930 1994 2017 2069 haec
2035 1994 2100 2073 vel
2121 2019 2210 2095 pro·

501 2140 592 2235 pter
614 2128 735 2203 solam
751 2127 860 2201 suam
879 2123 1186 2218 infrequentiam
1215 2122 1348 2195 notari
1374 2132 1617 2196 mereantur.
1675 2120 1755 2198 His
1770 2121 2067 2198 annumeranda
2088 2125 2210 2222 inpri-

501 2256 578 2330 mis
599 2253 690 2328 lunt
705 2251 851 2326 semina
878 2247 1125 2345 zingiberis,
1160 2244 1404 2343 Myristicae,
1438 2244 1653 2348 Xylopiae,
1685 2245 1863 2347 Piperis,
1887 2242 2001 2323 Illicii
2020 2248 2059 2323 ἃ
2085 2268 2210 2348 pauca

502 2379 591 2463 alia,
616 2398 794 2472 quorum
810 2377 887 2451 scil.
905 2378 1041 2454 virtus
1062 2376 1102 2447 in
1120 2373 1203 2448 solo
1226 2372 1426 2448 albumine
1447 2370 1601 2450 reficiet.
1646 2372 1783 2449 Etiam
1808 2380 1912 2454 inter
1925 2374 2208 2452 Umbelliferas

500 2504 694 2581 nonnulla
726 2502 925 2583 habentur
948 2500 1095 2579 semina
1119 2498 1305 2587 odoratu
1337 2499 1412 2595 'led
1435 2500 1477 2575 in
1500 2499 1585 2596 his,
1617 2499 1711 2577 fons
1739 2501 1876 2578 odoris
1902 2506 1964 2578 ex'
1983 2503 2207 2598 unguinoso

499 2630 669 2727 quodam
690 2628 846 2729 liquore
867 2627 1069 2729 proficisci
1101 2624 1280 2712 videtur,
1318 2628 1387 2723 qui
1414 2628 1553 2703 saltem
1579 2629 1685 2705 inter
1716 2628 1876 2705 leminis
1902 2630 2056 2704 tunicas
2077 2629 2208 2717 haeret

370 2730 382 2745 ’
498 2769 618 2857 atque
635 2758 725 2842 suo,
750 2776 858 2833 nunc
880 2763 1014 2848 grato.
1050 2756 1092 2827 in
1113 2748 1257 2837 Aniso‚
1283 2774 1392 2828 nunc
1413 2764 1547 2832 autem
1560 2754 1749 2833 nauseoso
1766 2754 1893 2831 odore
1912 2765 2032 2851 atque
2051 2757 2208 2861 sapore,

498 2901 544 2961 ut
568 2887 608 2959 in
630 2881 788 2967 Cicuta,
828 2880 1016 2957 albumen
1031 2879 1255 2956 extrinsece
1274 2886 1431 2956 tantum
1456 2881 1603 2958 inficit:
1645 2904 1770 2978 quare
1796 2882 1836 2958 dc
1863 2881 1966 2958 idem
1995 2883 2206 2959 decortica-

498 3019 585 3086 tum
613 3009 769 3107 semper'
791 3004 1017 3082 debilius&
1036 3004 1234 3082 remiffius
1259 3006 1468 3083 odoratum
1490 3007 1559 3084 en
1617 3007 1676 3084 Et
1695 3012 1748 3087 ita
1774 3030 1936 3111 quoque
1964 3008 2207 3110 notandum,

497 3134 606 3231 quod
627 3133 715 3208 aliae
735 3129 915 3229 ejusdem
929 3132 1092 3226 generis
1111 3134 1306 3208 naturalis
1322 3134 1471 3232 species
1489 3135 1636 3210 semina
1656 3133 1822 3211 odorata
1854 3134 1894 3212 dc
1916 3143 2029 3232 grate
2046 3159 2202 3210 aroma-

379 3240 381 3243 ·
497 3263 597 3346 tica,
625 3266 766 3335 contra
776 3280 882 3334 vero
899 3257 988 3333 uliae
1003 3261 1167 3357 penitus
1182 3256 1343 3357 inlipida
1363 3260 1501 3354 largiri
1519 3261 1688 3336 soleant:
1712 3264 1774 3337 uti
1795 3263 2030 3362 exemplum
2045 3263 2086 3334 in
2104 3259 2201 3358 My·

497 3387 626 3464 ristica
645 3386 833 3470 habetur,
858 3377 972 3480 cujus
992 3388 1140 3485 quippe
1154 3384 1234 3460 sola
1248 3386 1397 3485 species
1412 3383 1622 3464 officinalis
1641 3386 2031 3487 aromatica‘proiert
2044 3378 2208 3476 semina}

497 3512 591 3592 dum
616 3511 844 3613 lii-reliquis
866 3511 1052 3590 omnibus
1073 3534 1158 3588 non
1184 3513 1256 3588 nifi
1274 3513 1384 3588 fatua
1404 3512 1632 3612 &agrestis
1653 3516 1806 3620 saporis
1827 3512 2198 3616 deprehenduntur.

1144 3835 1410 3949 CAPVT
1443 3840 1533 3949 XI.

1297 4005 1395 4082 DE

1086 4126 1604 4211 VITELLO.

491 4341 683 4483 Viteiluc
699 4398 757 4481 est
780 4403 1078 4485 interaneorum
1102 4408 1263 4487 leminis
1280 4432 1376 4512 pars
1400 4413 1515 4489 varia
1535 4419 1655 4507 atque
1672 4412 1948 4500 multiformis,
1979 4411 2077 4510 quae'
2087 4418 2193 4492 inter

490 4527 756 4626 embryonem
773 4539 899 4627 atque
916 4532 1101 4612 albumen
1120 4539 1251 4620 medio
1268 4541 1509 4639 plerumque
1532 4541 1622 4614 loco
1643 4539 1794 4640 posita,
1832 4539 1872 4615 dc
1898 4563 1922 4616 a
1942 4543 2192 4638 cotyledoni-

488 4654 565 4733 bus
585 4655 752 4756 perinde
766 4680 812 4735 uc
829 4660 876 4734 ab
899 4660 1096 4745 albumine
1118 4666 1271 4745 diversa
1287 4668 1353 4745 est.
1416 4665 1457 4745 A
1478 4670 1656 4751 nemine,
1689 4666 1796 4762 quod
1816 4666 1949 4756 sciam,
1982 4674 2193 4769 proprium

486 4803 635 4865 nomen
654 4784 747 4860 huic
771 4788 911 4865 visceri
929 4790 1122 4868 haetenus
1148 4794 1282 4870 datum
1298 4796 1394 4882 fuit3
1428 4797 1613 4889 quamvis
1636 4792 1911 4884 Maternum,
1942 4797 2191 4894 aliorumque

486 4913 688 4999 notitiam,
717 4915 939 5013 praesertim
958 4921 999 4993 in
1013 4916 1291 5007 Graminibus,
1317 4944 1397 4998 non
1416 4920 1748 5023 planeeffugerit.

1980 5048 2191 5152 Praecipua
