4866 6068
499 468 595 530 ,0
1176 432 1606 561 ιφ*

590 678 691 749 San.
715 674 870 753 unicum,
891 658 1067 743 rotundato
1091 670 1268 753 conicum,
1294 672 1425 742 cinereo
1450 663 1659 766 spadiccum,
1680 668 1764 751 ¹striis
1787 669 1939 770 depressia
1965 681 2099 749 arcuatis
2123 686 2238 755 reticu-

601 790 624 846 ,’
686 765 810 851 latum,
844 762 952 838 subtus
979 792 1051 838 area
1077 764 1255 838 umbilicali
1281 767 1429 850 cordata,
1462 763 1648 850 tumidula,
1679 766 1768 851 alba,
1800 777 1981 845 excentrica
2009 795 2181 862 notatum,
2203 787 2238 855 ὅ(

686 873 776 962 juxta
799 862 1130 965 lrartc,-in,1nedi0,
1155 858 1294 937 fovcola
1319 860 1517 947 lubrotunda
1543 890 1619 934 cum
1638 865 1794 964 papillula
1816 865 2060 961 embryonifera
2076 873 2238 973 stipatum.

591 1025 686 1091 luc.
718 1012 874 1113 sstuplex,
907 1014 1128 1095 crullaceum,
1163 1010 1306 1095 durum,
1340 1009 1491 1097 fuscum,
1526 1020 1562 1084 in
1586 1008 1755 1111 superficie
1780 1012 1834 1088 sua
1854 1023 2022 1101 interiori,
2048 1027 2141 1093 variis
2165 1049 2239 1122 pro-

578 1137 584 1146 ’
686 1115 820 1188 cassibus
844 1111 1042 1194 lamellosrs,
1067 1111 1129 1181 alte
1157 1115 1241 1182 iutra
1267 1110 1439 1183 albuminis
1464 1107 1670 1182 substantiam
1695 1111 1871 1197 demersus,
1902 1117 2047 1188 aucium.

588 1272 685 1342 lica.
707 1258 823 1335 semini
856 1255 1049 1342 conforme,
1086 1254 1355 1356 cartilagineum,
1390 1264 1425 1330 in
1458 1256 1590 1341 medi0,
1636 1265 1770 1332 cavitate
1805 1257 1986 1360 comprella
2018 1261 2239 1368 exsculptum,
2288 1266 2290 1269 ’

687 1358 793 1434 versus
819 1361 1056 1458 peripheriam,
1089 1355 1182 1428 valde
1207 1361 1434 1439 ruminatum,
1467 1384 1508 1429 ex
1533 1355 1606 1429 albo
1632 1354 1878 1457 &ferrugineo
1902 1366 2039 1436 varium.

589 1517 657 1592 En
667 1540 701 1682 ai
723 1501 1084 1601 monocotyledoneus,
1111 1500 1224 1578 obtuse
1248 1511 1402 1590 conicus,
1434 1501 1578 1594 latreus,
1603 1512 1637 1579 in
1662 1513 1793 1609 propria
1818 1512 1959 1584 cavitate
1985 1504 2094 1585 baseos
2109 1510 2238 1590 semaia

702 1628 822 1680 ocatur.

682 1887 732 1954 a.)
756 1888 849 1956 Drupa
863 1885 975 1952 integra.
1020 1885 1067 1953 b.)
1086 1883 1191 1940 Eadem
1211 1884 1441 1954 longitudinaliter
1461 1885 1580 1946 utana,
1604 1886 1751 1956 putaminis
1770 1890 1884 1944 sormam
1907 1890 1935 1946 aa
1953 1889 2116 1961 receptaculi
2135 1890 2240 1946 seminis

683 1980 839 2035 fasciculum
853 1979 976 2035 librosum
993 1982 1139 2036 osteudens.
1181 1993 1225 2042 c.)
1243 1979 1341 2033 Semeu
1354 1978 1503 2042 inversum,
1523 1996 1585 2032 cum
1598 1996 1661 2035 area
1675 1980 1722 2035 sua
1737 1983 1879 2037 umbilicali
1895 1984 2005 2037 cordata
2021 1985 2048 2038 δι
2060 1985 2164 2040 toveola
2179 2001 2239 2038 cen·

684 2074 746 2128 trali
769 2077 973 2147 embryouifera.
1046 2074 1092 2140 d.)
1113 2074 1246 2128 Albumen
1274 2072 1502 2139 longitudinaliter
1532 2072 1644 2136 seeum,
1680 2089 1743 2128 cum
1766 2073 1815 2129 suo
1844 2076 1997 2144 embryonis
2021 2076 2090 2146 (a.)
2113 2077 2240 2141 naturali,

685 2168 720 2223 E.
737 2165 792 2237 F.)
812 2169 932 2234 Embryo
947 2168 1063 2229 solutus,
1082 2166 1248 2237 asuperiore
1264 2165 1291 2219 δι
1303 2164 1431 2219 inferiore
1442 2174 1520 2235 parte
1532 2164 1669 2235 spectabas.

638 2338 772 2412 Rectius
799 2330 907 2407 forsan
931 2342 1054 2432 pericar
1079 2341 1167 2416 ium,
1205 2338 1306 2405 Bacca
1337 2329 1516 2419 diceretur,
1547 2337 1622 2435 quia
1648 2352 1806 2431 putamen
1829 2333 2073 2420 tenuiffimum,
2105 2343 2240 2409 &cum

688 2426 926 2601 filmsadciiie
951 2435 1029 2506 arcti
1056 2458 1124 2505 nare
1154 2455 1345 2505 connexum
1371 2430 1437 2516 ell,
1462 2438 1496 2507 ἀ
1519 2437 1594 2532 quia
1616 2435 1653 2507 in
1676 2428 1743 2504 aliia
1768 2426 1951 2532 speciebus,
1973 2439 2061 2508 utin
2084 2428 2240 2534 sequenti,
2294 2452 2297 2457 ⁴

687 2554 783 2629 pane
832 2549 960 2602 ecit,

540 2791 698 2860 Aaron
727 2776 953 2854 orizaeformis,
978 2780 1055 2855 ibid.

640 2935 809 3027 Pinangu
826 2929 1002 3030 sylvestris
1029 2928 1281 3028 orpzoeformis.
1330 2933 1480 3005 Rvurn.
1507 2926 1595 3005 amb.
1626 2955 1654 3007 1.
1673 2957 1714 3030 p.
1740 2956 1797 3031 4⁰·
1824 2942 1851 3005 t.
1870 2953 1908 3032 5.
1926 2931 1961 3029 f.
1986 2958 2020 3057 c:

668 3093 769 3160 Bacca
789 3099 881 3153 ovata
897 3085 963 3176 (a),
988 3078 1072 3171 stylo
1089 3080 1273 3179 persistente
1295 3087 1484 3168 terminata,
1509 3110 1624 3181 parva,
1656 3084 1771 3167 rubra,
1796 3081 1936 3154 demum
1952 3078 2107 3181 spadicea.
2157 3092 2242 3161 Caro

688 3173 804 3255 fibrosa
830 3179 890 3273 (b.)
915 3182 1039 3265 tenuis,
1066 3179 1211 3278 undique
1239 3173 1356 3249 semini
1381 3181 1565 3267 adhaerens,
1598 3201 1635 3252 ut
1665 3181 1929 3253 loculamentum
1958 3186 2090 3280 propria
2117 3189 2244 3269 tunica,

690 3304 759 3350 non
774 3275 924 3347 vestitum
946 3272 1004 3357 lit,
1032 3274 1112 3347 sicut
1136 3281 1170 3346 in
1186 3275 1388 3374 praecedenti.
1438 3284 1560 3352 Semen
1580 3292 1680 3352 ovato'
1697 3283 1853 3350 conicum
1878 3280 1922 3369 (b.
1937 3286 1999 3372 c),
2025 3278 2134 3379 arnpla
2147 3275 2243 3353 fovea

592 3450 595 3455 ‚
689 3375 729 3447 ad
746 3372 837 3446 basau
852 3392 1062 3457 excavatum,
1087 3393 1183 3473 atque
1206 3377 1387 3445 intrahanc
1408 3374 1619 3449 mrnutiffuna
1637 3374 1757 3474 papilla
1785 3375 1958 3472 stipatum,
1982 3402 2002 3447 e
2021 3382 2151 3450 cinereo
2175 3373 2243 3476 spa·
2324 3377 2333 3389 '

689 3471 831 3547 (liceum.
881 3469 1049 3545 Albumen
1070 3477 1273 3544 ruminatum
1289 3472 1368 3565 (d.),
1391 3473 1481 3543 nulla
1497 3480 1630 3546 cavitate
1646 3482 1680 3544 in
1701 3467 2042 3569 medioexsculptum.
2091 3476 2242 3566 Embryo

693 3576 737 3661 (e.
760 3576 814 3664 E.)
840 3594 975 3667 parvus,
1000 3568 1162 3653 albicans,
1187 3576 1222 3641 in
1245 3567 1358 3641 medio
1382 3570 1584 3668 angustatus,
1611 3568 1700 3671 quafi
1724 3595 1764 3640 ex
1790 3568 1918 3641 duobus
1937 3568 2079 3667 globulis
2104 3595 2244 3671 compo·

686 3668 782 3753 satus,
812 3692 955 3769 quorum
974 3660 1110 3739 inferior
1125 3664 1336 3753 rotundatur,
1357 3663 1503 3766 superior
1521 3695 1600 3742 vero
1618 3662 1818 3742 obtusrffime
1833 3671 1966 3741 eunicus
1987 3666 2043 3747 est.

929 3989 1059 4070 xxv.
1087 3990 1412 4070 cannova,
1465 3991 1615 4069 uma.
1643 4017 1724 4089 gn.
1748 3957 1848 4083 1223}
1886 4038 1891 4047 ·
2008 4090 2014 4103 .

639 4186 750 4263 Floret
776 4178 853 4256 sexu
880 4182 1018 4256 distincti
1043 4189 1078 4254 in
1110 4179 1257 4282 separatis
1285 4182 1464 4285 spadicibut
1492 4184 1640 4279 ejusdcm
1673 4185 1823 4259 caudicis.
1898 4190 2018 4262 Satira
2038 4184 2241 4266 'unirerblia

688 4290 784 4357 Mas.
819 4279 889 4354 Cal.
922 4280 1148 4376 hexapbyllus.
1183 4287 1285 4356 Stam.
1322 4282 1474 4382 plurima.
1531 4289 1621 4359 raa.
1650 4282 1722 4358 Cal.
1756 4213 1987 4383 hexapbyllut.
2037 4294 2116 4363 cor.
2141 4290 2241 4363 nullu

686 4372 931 4476 baccasupera,
957 4377 1182 4464 uniloculariS,
1208 4377 1379 4483 disperma.
1429 4381 1504 4457 Alb.
1526 4387 1743 4459 ruminatum.
1792 4383 1891 4465 Etnb.
1913 4388 1949 4456 in
1978 4380 2076 4462 dorso
2102 4380 2242 4462 semum.

542 4510 768 4610 Carnona
796 4553 903 4601 urens.
952 4530 1039 4603 Tab.
1065 4556 1096 4621 7.
1122 4530 1178 4627 fig.
1199 4558 1236 4623 ς.

641 4675 945 4779 Scbuuda-pauu.
994 4685 1134 4756 Ruaao.
1159 4680 1238 4758 mul.
1263 4711 1292 4763 1.
1313 4713 1352 4784 p.
1378 4710 1429 4786 15.
1456 4700 1481 4763 t.
1507 4712 1555 4763 ιι.

643 4826 825 4933 Seguasur
850 4832 975 4928 major.
1025 4835 1174 4911 nonan.
1200 4828 1290 4908 amb.
1319 4859 1348 4911 ι.
1369 4861 1407 4935 p.
1433 4839 1491 4933 64.
1515 4846 1541 4911 t.
1565 4859 1624 4935 14.

2086 5015 2244 5119 Corpora
