4878 6064
885 506 1189 543 Q

885 545 1188 563 ....-..........
1808 506 1886 564 ext

181 718 532 815 semini'proxima‚
561 715 599 787 in
615 713 818 806 geminos,
844 713 920 789 vix
935 735 1111 809 unquam
1131 717 1171 789 in
1188 713 1349 814 plures,
1375 717 1447 793 nisi
1464 720 1504 794 in
1516 719 1718 807 Fraxino,
1748 744 1886 801 ramos
1986 702 1989 706 ¹

182 848 366 928 finditur,
391 863 565 936 quorum
587 861 695 913 nunc
711 839 813 912 alter
834 839 941 915 solus
970 840 1101 915 semen
1123 840 1224 925 sert,
1249 842 1352 918 alter
1371 853 1505 920 autem
1529 852 1565 921 ei
1584 873 1660 947 pro
1679 848 1811 923 fulcro
1828 852 1888 923 in-

181 976 328 1049 servit:
355 972 393 1042 in
408 968 605 1062 Lathyris
621 965 660 1040 &
673 964 799 1041 Viciis
820 968 1045 1052 nonnullis:
1064 990 1172 1043 nunc
1191 994 1293 1046 vero
1313 979 1484 1064 uterque
1503 976 1712 1071 proprium
1729 976 1797 1050 fibi
1809 978 1890 1052 affi-

183 1122 286 1173 xum
308 1096 426 1169 habet
438 1093 595 1166 semen:
625 1093 730 1165 utin
748 1088 1034 1178 Liriodendr03
1061 1095 1254 1171 rariffime
1267 1106 1401 1171 autem
1424 1121 1478 1171 ex
1493 1120 1575 1172 uno
1599 1101 1803 1177 individuo
1825 1104 1889 1179 fu-

182 1224 336 1306 niculo,
362 1220 441 1294 duo
459 1217 636 1316 pendent
656 1216 816 1301 semina,
842 1226 890 1291 ut
914 1220 955 1294 in
972 1218 1196 1315 Magnoiia,
1221 1219 1398 1321 Spondia
1411 1222 1451 1297 dr
1468 1223 1627 1323 Epacri.

283 1430 486 1509 Decursus
508 1427 690 1520 funiculi,
715 1428 936 1526 praesertim
964 1432 1004 1504 in
1031 1431 1239 1530 drupaceis
1266 1430 1306 1507 δι
1325 1433 1649 1510 'nucamentaceis
1675 1433 1889 1525 fructibus

181 1583 355 1636 necnon
376 1561 415 1631 in
431 1554 642 1629 seminibus
658 1555 889 1648 quibusdam
906 1553 1039 1643 oiseis,
1067 1558 1335 1632 memorabilis
1349 1558 1426 1642 est,
1451 1582 1540 1634 cum
1561 1562 1636 1636 scii.
1652 1563 1690 1634 in
1708 1562 1792 1648 his,
1818 1564 1890 1639 sae-

182 1691 295 1787 pius,
320 1707 404 1761 non
427 1684 612 1780 proxima
635 1684 701 1755 via
722 1681 769 1755 ad
789 1682 921 1755 semen
945 1681 1055 1756 suum
1085 1686 1252 1779 migrat,
1278 1685 1342 1760 sed
1366 1687 1406 1758 in
1428 1685 1551 1761 canali
1575 1690 1762 1786 proprio,
1789 1691 1890 1763 inte-

181 1813 389 1909 gumentis
407 1807 487 1882 istis
506 1805 619 1880 oiseis
635 1806 819 1902 inscripto
836 1806 1076 1893 decurrens,
1101 1813 1140 1883 in
1164 1809 1479 1917 remotissimam,
1503 1813 1570 1887 vel
1594 1813 1730 1889 saltem
1752 1816 1791 1888 in
1806 1839 1890 1889 me-

180 1943 287 2015 diam
307 1937 465 2010 seminis
480 1935 688 2027 regionem
705 1932 970 2008 devehitur&
986 1936 1036 2009 ibi
1053 1936 1213 2011 demum
1228 1959 1318 2010 cum
1338 1960 1387 2011 eo
1407 1934 1599 2012 nestitur:
1625 1949 1671 2013 ut
1684 1943 1725 2014 in
1747 1940 1890 2017 Cerin-

180 2068 272 2149 the,
299 2058 544 2159 Staphylea,
569 2056 851 2153 Zanthoxyio,
885 2057 1043 2145 Pruno,
1075 2059 1306 2158 Amygdalo
1334 2063 1374 2138 dt
1403 2060 1498 2137 aliis.
1548 2062 1683 2138 Etiam
1708 2064 1749 2153 in
1768 2069 1892 2143 variis

180 2189 399 2268 seminibus
426 2187 630 2270 mollibus,
656 2186 703 2259 ab
729 2186 807 2284 ipsa
824 2207 966 2258 eorum
992 2189 1126 2261 tunica
1152 2187 1372 2264 occultatur
1402 2188 1441 2263 ὅ(
1467 2190 1588 2283 longo
1618 2188 1893 2267 itinere'intra

180 2343 329 2396 eorum
344 2315 594 2390 membranas
612 2311 789 2386 decurrit
809 2311 848 2386 ὃ(
871 2332 946 2407 per
972 2310 1159 2406 ambages
1177 2314 1223 2389 ad
1245 2311 1434 2413 punitum
1457 2316 1681 2390 insertionis
1709 2320 1891 2392 devenit:

181 2452 221 2522 in
237 2440 529 2523 Liriodendro,
555 2432 790 2522 Swietenia,
815 2435 988 2510 Erithali
1007 2435 1078 2512 &a
1101 2448 1148 2514 ut
1169 2439 1520 2514 Umbeiliserarum
1534 2441 1729 2515 setaceum
1751 2466 1891 2540 recep·

180 2573 361 2651 taculum
372 2579 539 2648 taceam,
565 2563 668 2657 quod
678 2561 1094 2638 occultatumabaiiad
1108 2567 1259 2662 apicem
1269 2566 1459 2640 seminum
1469 2569 1711 2665 porrigitur,
1741 2566 1892 2644 &nihil

181 2698 310 2781 aliud,
340 2717 458 2791 quam
486 2691 666 2784 geminus
684 2687 888 2762 funiculus
911 2689 1143 2763 umbilicaiis
1162 2687 1238 2767 effe
1259 2689 1432 2768 videtur.

284 2908 472 2990 insertio,
498 2905 548 2979 ob
575 2903 771 3001 duplicem
796 2901 962 2975 funiculi
986 2906 1305 2987 extremitatem,
1330 2905 1540 3000 sequentes
1563 2904 1734 2980 admittit
1760 2908 1894 2985 varia-

181 3041 349 3118 tiones,
375 3033 468 3107 dum
489 3030 566 3105 scil.
579 3030 798 3114 funiculus,
825 3031 954 3102 altero
974 3029 1043 3102 suo
1064 3029 1144 3105 fine
1160 3030 1335 3124 affigitur
1350 3027 1504 3104 fructus

183 3211 236 3280 1⁰.
259 3199 345 3278 bafi
366 3200 404 3274 ὅ(
426 3200 553 3273 altero
568 3200 726 3274 seminis
750 3203 805 3293 α.)
819 3195 921 3279 baii,
947 3194 972 3270 s.
993 3198 1239 3270 extremitati
1256 3196 1455 3271 inferiori:
1482 3197 1520 3270 in
1534 3196 1789 3295 Eriophoro,
1815 3195 1891 3271 Ca-

744 3412 750 3416 ,
854 3324 954 3408 rice,
972 3321 1008 3397 T
1009 3332 1136 3415 agete,
1158 3320 1367 3416 Buffonia,
1383 3321 1614 3418 Ciaytonia,
1632 3322 1809 3417 Montia,
1824 3314 1896 3397 &c

748 3448 818 3551 β.)
844 3451 1011 3534 vertici,
1051 3449 1075 3522 s.
1110 3451 1358 3524 extremitati
1387 3449 1606 3548 superiori:
1656 3452 1696 3522 in
1733 3449 1897 3536 Pruno,

854 3574 970 3649 Rho'e‘
984 3628 994 3659 ,
1021 3570 1217 3659 Crambe,
1244 3572 1522 3669 Plumbagine,
1548 3573 1786 3669 Corrigiola.

749 3702 809 3793 a.)
825 3704 927 3798 parti
943 3703 1049 3775 inter
1064 3703 1344 3776 extremitates
1354 3700 1513 3783 mediae,
1543 3702 1740 3776 ventrali:
1768 3704 1807 3774 in
1820 3699 1897 3775 Po·

860 3827 1071 3922 lycnemo,
1098 3824 1312 3912 Cerinthe,
1337 3821 1583 3924 Symphyto.

749 3947 805 4044 i.)
821 3951 936 4028 dorso
956 3952 1105 4034 medio,
1134 3954 1186 4024 ita
1206 3961 1252 4025 ut
1275 3947 1475 4044 funiculus
1488 3951 1608 4048 supra
1623 3951 1781 4026 seminis
1801 3974 1897 4026 ver·

851 4082 969 4154 tieem
998 4077 1201 4153 adscendat
1221 4077 1260 4153 dr
1287 4077 1475 4176 deinceps
1506 4074 1690 4152 reflexus
1715 4077 1898 4153 foramen

857 4205 962 4281 dorsi
976 4208 1128 4280 intret:
1154 4206 1193 4277 in
1211 4202 1325 4281 Vite!
1977 4183 1979 4188 ⁸

180 4393 240 4465 2⁹.
270 4378 422 4463 vertici
436 4418 453 4434 ·
471 4381 512 4453 et
533 4374 690 4449 seminis
751 4372 1077 4472 a.)extremitati
1091 4372 1303 4472 superiori:
1319 4373 1358 4444 in
1376 4364 1516 4465 Sicyo,
1530 4368 1681 4454 Isatide‚
1702 4367 1898 4446 Adonide.

751 4498 818 4601 β.)
839 4499 1311 4604 extremitati—inferiori,
1345 4495 1491 4572 intuito
1514 4497 1673 4573 seminis
1697 4501 1825 4597 apice:
1859 4503 1900 4572 in

857 4624 1059 4721 Nitraria‚
1085 4621 1244 4703 Statice.

182 4764 238 4851 3⁰.
266 4751 343 4830 axi
359 4791 376 4809 ·
391 4752 601 4828 etseminis
748 4750 814 4850 α.)
835 4753 997 4829 vertici:
1029 4751 1069 4822 in
1091 4752 1283 4845 Erithali,
1298 4746 1503 4849 'Guajacm
1529 4747 1748 4832 Tricoccis,
1772 4747 1844 4822 &c

749 4880 815 4970 β.)
835 4877 933 4966 bafi:
960 4880 1003 4952 in
1018 4876 1133 4976 Pyro
1142 4930 1154 4967 ,
1179 4876 1371 4979 Mespilo,
1388 4874 1574 4976 Cuphea,
1589 4873 1788 4969 Fagonia,
1803 4874 1874 4949 &c

1666 5055 1736 5155 a.)
1761 5064 1898 5133 extre·
