4878 6064
520 497 545 552 ⁰
604 496 611 543 ἵ
1228 511 1532 566 ...·-.·:·..-.·.·.-...··

618 708 872 784 Dehiscentia
890 711 931 782 in
951 708 1219 803 leguminibus
1245 711 1400 786 nonnifi
1419 712 1569 810 duplex
1594 708 1734 784 datur:
1758 709 1918 785 valvata
1937 707 2012 783 scil.
2028 706 2069 782 &
2082 708 2226 781 articu-

521 836 610 910 lata.
661 837 797 910 lVlulta
822 846 957 909 tamen
983 835 1180 929 legumina
1208 841 1366 915 evalvia
1393 839 1506 911 sunt:
1537 847 1585 908 ut
1613 835 1809 933 drupacea
1828 838 1867 911 δι
1897 839 2053 910 baccata
2077 836 2226 915 omnia,

521 985 699 1036 necnon
717 965 829 1038 varia
844 963 936 1054 alia,
962 962 1180 1060 praesertim
1202 965 1368 1039 soliaceo
1391 961 1631 1060 compresla:
1659 961 1822 1046 cercis,
1850 958 2014 1044 Sennae,
2045 959 2228 1033 Coluteae

521 1083 701 1164 herbacea.
751 1087 925 1164 Valvata
944 1111 1043 1164 vero
1068 1093 1246 1164 omnium
1262 1091 1499 1165 usitatissima
1517 1091 1625 1172 sunt,
1656 1087 1694 1161 δι
1715 1112 1769 1160 ex
1786 1088 1848 1161 his
1868 1089 2086 1185 praesertim
2100 1085 2226 1158 bival-

520 1216 607 1298 via3
634 1217 766 1289 minus
779 1215 919 1287 crebra
934 1215 1022 1288 sunt
1036 1219 1262 1301 univalvia‚
1290 1218 1361 1290 nisi
1382 1221 1421 1291 in
1438 1216 1704 1310 leguminibus
1723 1215 1886 1311 spuriis;
1916 1223 1957 1287 et
1973 1214 2152 1286 omnium
2168 1213 2227 1282 in-

519 1341 831 1436 frequentissima
853 1343 1007 1434 reliqua
1025 1365 1038 1414 :v
1067 1352 1114 1416 ut
1133 1344 1331 1427 trivalve,
1371 1342 1655 1434 ianloringa3
1689 1339 1976 1434 quadrivalve‚
2015 1340 2052 1410 in
2083 1336 2228 1409 Acacia

520 1465 767 1565 quadrinaria,-
794 1478 836 1542 et
856 1471 1045 1560 utrinque
1064 1470 1291 1552 valvarum,
1318 1471 1356 1541 in
1377 1467 1590 1542 Biserrula.
1641 1467 1866 1542 Articulata
1887 1464 2141 1544 dehiscentia,
2164 1462 2226 1535 so·

519 1593 571 1666 lis
595 1593 681 1667 fere
705 1592 972 1688 leguminibus
997 1598 1183 1692 propria,
1214 1605 1255 1667 et
1276 1618 1326 1669 ne
1355 1599 1394 1666 in
1415 1595 1477 1669 his
1505 1597 1661 1689 quidem
1691 1594 1902 1668 admodum
1933 1591 2125 1683 frequens
2152 1586 2227 1663 est:

521 1722 674 1793 occurit
702 1741 847 1818 nempe
873 1724 911 1793 in
935 1719 1162 1804 Coronilla,
1188 1718 1528 1815 AEschynomene,
1555 1721 1784 1816 Hedysam,
1809 1714 2053 1814 Scorpium,
2080 1712 2229 1786 Mimo-

520 1846 577 1939 sa,
604 1857 646 1919 et
662 1847 805 1943 paucis
821 1845 932 1930 aiiis;
959 1856 1077 1940 atque
1101 1844 1286 1920 Mimosae
1314 1849 1491 1932 articuli,
1524 1850 1682 1945 insuper
1709 1866 1890 1941 quoque,
1924 1865 2006 1916 non
2030 1864 2142 1925 raro,
2169 1843 2229 1915 bi-

520 1973 667 2046 valves
686 1972 785 2044 sunt.
836 1970 983 2061 Cetera
996 1972 1123 2044 adhuc
1141 1973 1377 2064 notandum,
1402 1975 1510 2067 quod
1530 1976 1774 2065 leguminum
1795 1971 2062 2061 oblongorum
2078 1968 2228 2043 valvu-

519 2097 591 2179 loe,
615 2095 703 2195 post
718 2095 990 2172 dehiscentium
1012 2098 1141 2181 suam,
1168 2100 1403 2196 plerumque
1425 2099 1533 2174 funis
1550 2099 1717 2173 adinstar
1732 2103 2099 2187 contorqueantur:
2123 2102 2169 2164 ut
2186 2094 2226 2165 in

519 2222 648 2299 Viciis
660 2234 701 2295 et
722 2225 763 2294 in
786 2224 864 2319 ipsa
882 2222 1105 2316 rigidissima
1124 2223 1358 2322 Caesalpinia
1380 2223 1550 2321 Sepyram
1587 2235 1629 2298 et
1648 2202 1977 2318 quod'legumina
1998 2220 2103 2292 h'aud
2131 2242 2227 2291 raro

521 2372 612 2422 cum
633 2347 799 2444 strepitu
820 2348 1025 2423 dehiscant
1044 2361 1163 2444 atque
1186 2351 1253 2423 sua
1271 2352 1393 2446 longe
1415 2362 1541 2447 extra,
1554 2353 1591 2426 se
1618 2346 1828 2449 projiciant
1848 2349 2016 2425 semina:
2039 2357 2085 2418 ut
2104 2339 2229 2442 Spar-

430 2515 433 2523 ·
523 2478 647 2558 tium,
672 2473 797 2555 Ulex,
822 2469 1003 2559 Genista,
1029 2486 1071 2551 et
1097 2477 1190 2551 alia.

619 2703 908 2782 Loculamenta
927 2710 1150 2793 verticalia,
1175 2709 1292 2784 saxi
1315 2709 1527 2809 parallela,
1552 2712 1591 2783 in
1612 2709 1882 2803 leguminibus
1905 2703 2099 2779 rarissima
2118 2702 2228 2788 sunt,

521 2853 596 2904 nec
624 2831 695 2904 nisi
716 2835 755 2904 in
770 2831 1081 2909 unilocularibus
1098 2843 1167 2907 aut
1191 2831 1413 2929 conjugatis
1435 2839 1655 2910 habentur:
1683 2839 1788 2941 utin
1813 2833 2044 2926 Astragalo-,
2077 2827 2230 2911 Phara,

521 2957 750 3041 Biserrula,
774 2956 966 3042 Colutea,
986 2957 1156 3033 Trifolio
1172 2969 1243 3034 etc.
1261 2963 1301 3033 in
1316 2962 1481 3055 reliquis
1493 2963 1677 3036 omnibus
1694 2960 1973 3035 transuersalia
1991 2957 2080 3031 sunt
2101 2967 2144 3029 et
2158 2955 2229 3031 silai
2310 3028 2315 3037 ,

522 3091 663 3154 mutuo
686 3082 1003 3181 superimposita,
1024 3108 1051 3158 a
1070 3086 1248 3160 duobus:
1270 3096 1316 3159 ut
1337 3089 1378 3158 in
1391 3087 1625 3184 Hedysaro,
1647 3110 1774 3181 usque
1792 3089 1840 3160 ad
1861 3082 2063 3178 ostoginta
2081 3093 2122 3156 et
2137 3084 2229 3179 plu-

520 3230 584 3279 ra:
610 3217 657 3280 ut
680 3210 721 3280 in
738 3206 891 3286 Cassiis.
942 3207 1063 3309 Saepe
1088 3221 1221 3285 autem
1244 3211 1511 3310 dissepimenta
1541 3237 1613 3311 per
1645 3217 1914 3288 maturitatem
1947 3209 2230 3293 obsolescunt,

519 3343 568 3405 ut
587 3332 770 3427 legumen
788 3346 978 3434 appareat
993 3336 1253 3421 uniloculare,
1280 3339 1386 3432 quod
1399 3363 1543 3415 revera
1558 3340 1840 3438 pluriloculare
1856 3339 1934 3421 est,
1961 3337 2058 3410 ficut
2086 3338 2124 3405 in
2142 3333 2230 3408 Do-

521 3457 650 3542 licho,
677 3457 857 3557 lupino,
882 3461 1077 3537 Phaseolo
1094 3473 1183 3537 etcr
1204 3485 1327 3558 quare
1350 3475 1396 3539 et
1420 3469 1460 3539 in
1487 3467 1567 3548 his,
1596 3469 1806 3539 immatura
1829 3467 1969 3539 ovaria
1991 3460 2231 3558 inspicienda

521 3583 635 3667 sunt,
659 3582 753 3658 side
771 3584 1131 3663 loculamentorum
1150 3611 1320 3664 numero
1337 3595 1438 3667 certi
1457 3591 1534 3665 effe
1554 3593 1771 3674 volumus-3·
1791 3591 1907 3664 sedin
1933 3588 2134 3687 plerisque
2160 3612 2229 3685 pa·

521 3732 613 3782 rum
643 3711 793 3796 refert,
826 3714 1034 3790 definitum
1055 3716 1153 3790 scire
1175 3741 1318 3793 eorum
1342 3742 1575 3801 numerum,
1608 3728 1650 3790 et
1678 3720 1911 3808 generatim·
1928 3713 2035 3788 nosse
2060 3714 2229 3797 sufficit,

519 3858 624 3911 anne
644 3835 831 3932 legumen
855 3844 1012 3917 uni-aut
1032 3842 1317 3942 pluriloculare
1332 3842 1408 3919 lits
1433 3847 1528 3938 quia
1545 3862 1760 3926 numerus,
1786 3842 1859 3918 vel
1873 3845 1912 3914 in
1925 3841 2066 3915 eadem·
2080 3840 2225 3938 specie,

520 3964 731 4040 admodum
757 3968 903 4043 variae

617 4176 1002 4278 Leguminaspuria,
1024 4182 1117 4257 sunt
1133 4183 1318 4281 capsulae,
1342 4193 1390 4258 ut
1412 4185 1530 4282 supra
1552 4185 1745 4275 diximuS,
1771 4206 1870 4276 quae
1880 4179 2062 4282 respedtu·
2083 4182 2228 4275 figurae

520 4312 726 4390 externae,
754 4305 979 4381 insertionis
994 4308 1238 4384 seminum&
1260 4310 1508 4385 dehiscentiae
1532 4312 1610 4385 suae
1626 4362 1642 4394 ,
1663 4314 1890 4407 proximam
1916 4333 2006 4384 cum
2039 4312 2154 4387 veris
2171 4310 2230 4381 le·

382 4478 391 4487 -
519 4431 750 4523 guminibus
760 4430 907 4508 habent
921 4434 1173 4519 affinitatem,
1199 4443 1246 4509 ut
1259 4436 1414 4509 nonnisi
1429 4458 1483 4512 ex
1502 4437 1693 4512 seminum
1719 4437 1865 4511 fabrica
1887 4439 1964 4510 rite
1985 4437 2033 4510 ab
2055 4438 2228 4511 invicem

519 4554 691 4648 dignosci
715 4567 874 4652 queant
925 4557 1027 4637 Veri
1044 4581 1189 4657 nempe
1204 4559 1417 4654 leguminis
1432 4564 1562 4638 semen
1581 4563 1737 4662 semper
1750 4564 2233 4658 embryonemcontinet,

519 4675 633 4774 cujus
651 4684 915 4778 cotyledones
940 4686 1007 4759 sua
1021 4688 1292 4779 magnitudine
1307 4700 1430 4763 totam
1446 4692 1656 4764 cavitatem
1674 4690 1786 4765 testae
1802 4689 1977 4787 repient,
2003 4690 2073 4764 vel
2091 4688 2228 4761 saltem

519 4830 606 4881 eam
620 4806 870 4905 longitudine
882 4811 1226 4907 atquelatitudine
1244 4866 1254 4895 ,
1282 4811 1412 4887 finon
1433 4812 1661 4890 &crassitie
1683 4816 1766 4899 sua,
1790 4823 2025 4909 exaequant3
2051 4813 2090 4886 &
2113 4806 2228 4906 cujus

517 4934 711 5023 radicula,
737 4939 908 5038 exceptd
919 4935 1137 5016 Caffiarum
1156 4938 1320 5027 familia,
1344 4940 1500 5040 semper
1513 4950 1680 5020 curuata
1692 4940 1732 5017 ἃ
1748 4942 1890 5020 uersus
1910 4944 2054 5017 rimam
2076 4937 2228 5032 cotyle-

2073 5067 2224 5140 donum
