4852 6062
908 527 1210 581 m
1595 516 1597 519 ¹
1831 546 1909 633 xm

214 729 305 802 deat
324 694 536 813 ovariums
561 727 720 823 &quod
741 729 819 828 ipse
836 725 1090 805 Lruunus
1117 727 1206 828 (ι),
1230 740 1366 805 'ortum
1390 730 1541 830 pistilli,
1575 731 1737 828 lignosae
1757 732 1906 835 planta·

213 877 306 928 rum
330 853 551 929 substantiae
576 856 670 929 olim
691 855 943 952 adscripserit.
1011 856 1246 949 Quicunque
1275 860 1397 950 igitur
1428 859 1689 951 haecomnia,
1731 863 1910 940 liberoa

213 976 456 1080 praejudiciis
477 983 734 1079 perpenderit
747 984 900 1063 animo,
932 1000 1050 1075 atque
1073 984 1247 1078 partium
1266 979 1748 1061 frustificationisuarium
1772 988 1907 1075 srtum,

214 1107 385 1181 formam
407 1116 526 1199 atque
550 1106 837 1180 consrstentiam
855 1109 1017 1179 attentis
1041 1106 1166 1179 oculis
1193 1106 1314 1180 suerit
1333 1112 1521 1193 rimatus,
1559 1109 1671 1185 facile
1694 1116 1910 1189 convince·
2022 1116 2026 1125 '

214 1244 303 1326 tur,
331 1235 369 1305 in
392 1235 578 1307 omnibus
606 1234 809 1308 variarum
838 1233 1013 1337 reperiri
1026 1230 1323 1306 substantiarum
1348 1236 1567 1319 miscelam,
1599 1258 1644 1309 ac
1672 1257 1821 1317 novam
1843 1240 1910 1315 de-

214 1360 330 1440 bere,
366 1362 404 1431 in
425 1360 489 1439 iis,
521 1358 653 1431 locum
671 1357 817 1431 habere
835 1360 1004 1455 partium
1029 1358 1374 1450 organisationem,
1410 1354 1523 1453 cujus
1545 1364 1673 1457 prima
1696 1362 1912 1458 scaturigo,

214 1488 449 1577 neutiquam
473 1483 790 1557 indeterminato
807 1482 975 1576 quodam
996 1485 1199 1555 communi
1221 1486 1393 1567 viscere,
1423 1484 1504 1568 sed,
1543 1489 1601 1559 uti
1613 1486 1913 1564 luculentissime

216 1606 640 1704 Henwru1us(2)
667 1607 921 1691 monstravit,
948 1610 987 1680 in
1007 1608 1203 1705 spiralium
1237 1612 1422 1683 vasorum
1452 1621 1646 1687 contextu
1672 1612 1913 1710 potissimum

216 1734 435 1831 quaerenda
458 1732 523 1808 lia
571 1733 715 1808 lisdem
742 1731 922 1827 igitur&
942 1731 1134 1807 Pistillum
1160 1733 1200 1807 δι
1222 1730 1384 1808 Stamen
1420 1733 1613 1809 fruuntur
1643 1740 1913 1833 incunabulis,

202 1880 266 1935 -ac
284 1872 414 1935 totum
436 1861 662 1944 discrimen,
687 1860 793 1953 quod
816 1858 1010 1952 sigillatim
1035 1858 1296 1933 serninearum
1314 1863 1487 1956 partium
1504 1871 1640 1936 ortum
1658 1876 1917 1961 apparentem

217 1984 384 2086 spectat,
409 2011 458 2061 eo
479 1986 598 2069 redit,
624 1988 721 2059 utin
743 1984 910 2058 ssoribus
923 1985 1076 2082 superis
1097 1988 1280 2059 ovarium
1293 2008 1348 2059 ex
1370 1985 1570 2060 inanisesta
1588 1991 1748 2065 corticis
1767 1989 1917 2084 &ligni

218 2111 383 2184 miscela
400 2109 622 2196 formatum
667 2111 770 2184 idem
794 2134 894 2184 vero
917 2112 956 2182 in
978 2108 1117 2184 inseris
1136 2134 1158 2184 e
1188 2112 1373 2207 peculiari
1395 2110 1633 2208 receptaculi
1653 2117 1806 2211 proprii
1830 2115 1917 2189 sub-

218 2235 361 2311 stantia
383 2238 567 2334 prodeat,
597 2239 701 2310 acin
725 2244 898 2330 utroque
918 2235 1023 2317 calu,
1055 2245 1185 2309 totum
1205 2257 1294 2309 curn
1319 2216 1504 2312 omnibus
1519 2238 1596 2312 suis
1617 2245 1835 2328 contentis,
1859 2244 1917 2317 se·

219 2364 396 2438 cundum
416 2363 672 2460 epigeneseos
690 2363 820 2456 leges,
846 2362 1020 2436 struatur
1034 2383 1200 2449 novum,

322 2573 582 2669 Quaecunque
605 2570 834 2669 autemjffsmt
850 2572 957 2645 initia
970 2572 1119 2655 ovarii,
1147 2564 1292 2666 justam
1312 2570 1417 2672 suam
1432 2548 1606 2646 sormam
1620 2594 1703 2647 non
1722 2573 1790 2647 nisi
1811 2575 1918 2650 lente

221 2698 456 2797 adipiscitur
475 2699 514 2773 ὃ(
531 2708 660 2773 toturn
685 2695 772 2793 ejus
788 2701 1097 2780 incrementum,
1132 2695 1338 2772 commode
1354 2698 1392 2769 in
1410 2708 1495 2771 tres
1515 2696 1710 2773 distinstas
1728 2699 1933 2798 periodos.

222 2825 349 2899 dividi
374 2824 513 2924 potest.
565 2823 670 2899 Cum
690 2846 836 2923 nempe
857 2826 1029 2921 primurn
1057 2825 1096 2894 in
1122 2818 1372 2925 compassum
1394 2826 1525 2907 venit,
1574 2824 1731 2897 interna
1752 2818 1839 2920 ejus
1864 2825 1919 2900 fa·

221 2952 351 3034 brica,
385 2950 556 3046 rudis‘&
579 2949 763 3044 indigesta
785 2950 912 3027 moles
931 2947 1004 3031 est,
1039 2949 1079 3021 in
1103 2930 1179 3042 qua
1200 2959 1350 3046 praeter
1371 2948 1572 3024 uniforme
1597 2950 1636 3024 δι
1662 2950 1767 3043 quasr
1784 2951 1921 3027 homo-

137 3144 143 3151 .
223 3100 400 3172 geneum
429 3075 715 3174 parenchyma,
747 3076 847 3148 nihil
868 3071 1002 3150 strudli
1023 3074 1063 3148 δι
1092 3077 1129 3148 in
1152 3074 1316 3147 futuros
1333 3074 1426 3148 usus
1448 3076 1637 3158 ordinati,
1681 3076 1751 3150 vel
1773 3078 1923 3175 optime

223 3206 388 3279 armatis
404 3203 531 3276 oculis
553 3202 782 3276 discernere
805 3222 946 3294 queas:
971 3190 1284 3298 hunc'primum,
1311 3197 1479 3294 Infantia
1503 3199 1644 3274 statum
1659 3199 1922 3299 appellamus,

224 3352 308 3425 quo
328 3328 514 3410 durante,
563 3335 733 3401 externa
753 3325 886 3399 saltem
914 3328 1044 3400 ovarii
1067 3326 1304 3398 lineamenta
1332 3318 1635 3409 adumbrantur,
1676 3326 1798 3424 ipsum
1821 3350 1922 3402 vero

224 3454 276 3529 ad
298 3456 596 3550 conceptionem
614 3449 789 3523 nondum
805 3461 941 3548 aptum
963 3451 1029 3527 est„
1080 3449 1125 3523 In
1145 3451 1269 3523 altera
1292 3450 1476 3549 periodo,
1502 3473 1584 3525 non
1600 3452 1723 3526 solum
1739 3453 1924 3526 universa

222 3583 333 3655 uteri
360 3598 571 3676 compages
594 3562 843 3670 aliquantum¹
862 3559 1048 3671 augetur,
1103 3577 1165 3650 sed
1198 3574 1435 3675 potissimum
1463 3598 1621 3671 quoque
1654 3580 1808 3650 interna
1834 3573 1923 3673 ejus

223 3704 435 3783 substantia
457 3706 582 3795 magis
605 3700 861 3786 elaboratur,
878 3704 969 3776 dum
989 3703 1064 3776 scil.
1079 3704 1118 3774 in
1139 3704 1504 3775 concamerationes
1519 3703 1748 3799 conspicuas
1770 3702 1923 3787 secedit,
2001 3686 2004 3691 ’

223 3834 268 3907 &
293 3835 330 3904 in
357 3832 433 3903 illis
455 3829 689 3903 cavitatibus
717 3825 878 3902 dutinm
898 3828 1046 3922 globuli
1068 3828 1093 3903 s.
1114 3824 1233 3901 ovula
1259 3826 1570 3917 subnascuntur,
1609 3826 1648 3899 δι
1669 3826 1923 3925 yasaumbili·

224 3959 325 4031 calla
347 3954 483 4028 sensim
505 3955 747 4036 formantur,
790 3953 829 4027 &
846 3953 991 4050 copiosi
1007 3952 1184 4050 partibus
1204 3948 1375 4023 affluunt
1394 3950 1513 4034 succi,
1542 3959 1589 4025 ut
1603 3950 1673 4026 vel
1693 3950 1817 4049 ipsum
1834 3951 1923 4046 stig-

225 4106 293 4158 rna
311 4104 407 4156 rore
422 4080 592 4154 madeat:
619 4080 681 4151 hic
696 4080 840 4151 merito
863 4072 1069 4152 Pubaiatis
1091 4075 1233 4149 dicitur
1249 4073 1388 4159 status,
1414 4077 1505 4170 quia
1527 4075 1769 4150 soecundatio
1790 4076 1925 4153 locum

225 4208 377 4281 habere
394 4205 541 4303 potest,
576 4203 733 4279 simulac
754 4204 875 4277 ovula
896 4204 1098 4300 propriam
1123 4197 1233 4275 nassa
1256 4199 1406 4275 suerint
1428 4202 1608 4296 figuram.
1657 4197 1795 4277 Tertia
1815 4202 1931 4280 deni-¹

226 4355 309 4428 que
331 4332 520 4429 periodus
539 4333 586 4405 ab
603 4330 679 4427 ipsa
694 4329 988 4403 foecundatione
1007 4329 1164 4423 incipit,
1196 4326 1235 4399 &
1260 4328 1297 4398 in
1320 4327 1478 4424 plenam
1495 4348 1626 4421 usque
1651 4328 1770 4402 durat
1795 4331 1926 4406 ovarii

227 4460 558 4534 maturationem:
595 4455 684 4529 ideo
715 4455 822 4528 hunc
851 4473 1043 4530 vocamus
1066 4449 1308 4527 Graviditatis
1334 4452 1359 4525 s.
1385 4449 1669 4557 Groffficaiionis
1694 4450 1854 4535 statum,
1888 4456 1927 4527 in

228 4606 313 4678 quo
337 4603 574 4679 permanens
596 4580 816 4654 absolvitur
836 4581 961 4653 ovarii
987 4578 1114 4651 forma
1136 4577 1176 4652 dt
1195 4598 1337 4652 onmes
1359 4571 1447 4672 ejus
1468 4590 1603 4675 partes
1627 4577 1788 4673 plenum
1814 4579 1929 4653 suum

228 4709 508 4806 adipiscuntur
532 4709 831 4780 incrementum.
887 4703 1064 4780 Ultimus
1085 4702 1149 4777 hic
1168 4702 1311 4797 status,
1348 4704 1513 4797 reliquis
1532 4698 1747 4800 perfestior
1768 4703 1927 4778 censen-

276 4934 323 5011 ι’)
344 4935 472 4993 simoen.
495 4926 576 4991 Μ’
595 4948 616 4989 ι’
636 4948 665 5013 Ρ’
681 4945 747 5006 ³⁷⁴*
1133 4932 1183 5013 2·)
1205 4930 1308 5014 Leipz.
1324 4930 1439 5009 Magn,
1454 4938 1532 5006 ¹782.
1545 4940 1608 5000 ates
1623 4925 1723 5017 sack.
1854 4827 1930 4902 dus
1997 4905 2004 4920 ”

1092 5031 1117 5108 f
