4878 6064
492 419 593 481 vm
1167 435 1472 467 ιιι-ιιι-

491 657 597 714 uero
617 633 778 732 folrolo,
806 636 875 714 rel
889 636 929 713 δι
946 635 1110 737 lirnpl-ici
1129 636 1300 732 quodam
1316 641 1477 714 turione
1496 635 1674 712 filiformi
1697 661 1720 713 e
1736 638 1896 714 seminis
1916 637 2014 715 testa
2031 641 2191 727 emicat;

493 771 613 860 abque
637 764 726 840 haec
747 763 797 840 ab
817 763 896 862 ipsa
914 765 982 840 sua
1005 765 1208 862 primitiva
1231 762 1362 839 forma
1387 766 1457 842 vel
1472 762 1758 861 phyllophora,
1781 764 1846 841 vel
1867 765 2106 844 turionifera
2124 767 2192 844 en

637 912 897 1016 Panamara,
928 917 1040 991 suum
1055 937 1111 992 ex
1132 916 1213 1015 ipso
1232 915 1380 990 semine
1410 919 1560 1014 promit
1578 913 1757 989 foliolum
1783 916 2112 1013 cotyledoneum,
2154 920 2195 994 br

559 1022 561 1029 Α
693 1042 851 1138 quando
865 1043 953 1117 hoc
972 1042 1140 1137 reliquis
1159 1042 1353 1118 secuturis
1372 1045 1523 1142 plantae
1542 1040 1647 1118 soliis
1668 1040 1866 1116 consimile
1891 1041 1971 1125 est,
2015 1054 2112 1117 tunc
2133 1068 2195 1149 co-⁴

588 1232 592 1243 .
690 1168 905 1263 tyledones
921 1168 1108 1245 dicuntur
1125 1165 1370 1268 bomopiylla,
1395 1177 1443 1249 ut
1458 1172 1498 1249 in
1518 1167 1680 1253 Canna,
1706 1167 1834 1262 Cella,
1859 1164 1969 1251 Aro,
1993 1166 2196 1249 Nelumbo

692 1292 765 1375 &a
789 1306 929 1372 contra
947 1308 1081 1372 autem
1113 1292 1352 1394 beterophylla
1381 1295 1488 1388 sunt,
1525 1318 1617 1391 quae
1634 1295 1764 1369 forma
1790 1294 1914 1373 suaa
1940 1294 2195 1390 sequentibus

559 1460 564 1469 ·
693 1420 941 1522 discrepant,
967 1432 1013 1499 ut
1037 1425 1078 1498 in
1098 1420 1247 1506 Almo,
1273 1420 1435 1504 Paride,
1459 1420 1693 1496 Cerealibus
1710 1418 1783 1495 &a

642 1572 873 1672 Turioniseroe
886 1577 979 1653 sunt
996 1573 1062 1653 vel
1081 1583 1279 1676 perpetuo
1305 1570 1472 1675 aspipite,
1494 1583 1613 1669 atque
1633 1574 1699 1649 hae
1719 1570 1874 1673 pollent
1894 1575 2202 1671 acotyledoneae

700 1702 798 1788 dici,
822 1702 894 1777 nifi
909 1725 963 1779 ex
980 1701 1184 1780 manifesto
1204 1704 1425 1798 embryone
1444 1701 1618 1777 discreto
1637 1703 1861 1784 orirentur,
1892 1708 1940 1776 ut
1958 1702 1999 1774 in
2019 1698 2200 1779 Cuscuta

690 1834 810 1923 atque
837 1825 1084 1915 lVlelocatl03
1106 1828 1190 1906 ·vel
1211 1813 1301 1902 sunt
1324 1822 1524 1926 bulbrferoe,
1555 1850 1647 1903 cum
1663 1826 1741 1902 icil.
1764 1826 1934 1922 embryo
1954 1828 2131 1925 primum
2154 1831 2198 1911 in·

690 1954 897 2030 carnosum
920 1953 1099 2032 bacillum
1122 1955 1354 2049 elongatur,
1388 1955 1576 2055 deinceps
1602 1975 1705 2031 vero
1729 1953 1911 2031 exterior
1932 1946 2021 2047 ejus
2040 1953 2132 2029 finis
2152 1958 2200 2028 in

691 2077 895 2174 globulum
922 2081 1127 2159 bulbosum
1147 2081 1383 2179 ampliatur,
1417 2080 1647 2175 &denique
1671 2104 1726 2155 ex
1738 2078 1818 2153 hoc
1838 2077 2000 2172 globulo
2017 2081 2198 2178 primum

690 2207 888 2281 enascitur
911 2206 1093 2282 foliolum
1111 2227 1124 2279 t
1146 2207 1253 2305 quod
1272 2207 1407 2282 itidem
1426 2206 1493 2285 vel
1511 2204 1841 2306 heterophyllum
1858 2204 1936 2290 est,
1969 2207 2010 2279 in
2027 2203 2194 2283 Phoeni·

690 2355 758 2418 oe,
785 2334 855 2410 vel
874 2334 1202 2433 homophyllum,
1226 2338 1268 2409 in
1281 2333 1456 2412 Bulbine
1471 2336 1729 2436 &plerisque
1750 2333 1927 2426 reliquis

586 2479 861 2582 Dicotyledoma
870 2484 1006 2586 semina
1020 2491 1200 2564 omnium
1221 2489 1311 2564 sunt
1323 2490 1444 2584 longe
1463 2485 1776 2584 frequentifflma
1793 2492 1914 2582 atque
1928 2489 2196 2587 embryonem

389 2664 392 2672 a
491 2609 533 2682 in
558 2610 661 2685 duos
680 2610 796 2687 lobos
816 2613 957 2710 sponte
976 2615 1244 2708 secedentem,
1269 2624 1340 2689 aut
1356 2614 1562 2713 conspicua
1580 2615 1713 2690 saltem
1728 2615 1847 2702 rima,
1881 2613 1926 2687 in·
1938 2609 2201 2687 extremitate

490 2734 678 2809 radiculae
699 2737 900 2835 opposta,
924 2741 1108 2824 incisum,
1138 2744 1241 2815 intra
1257 2742 1295 2814 se
1311 2740 1464 2814 fovent.
1524 2739 1771 2834 Plerumque
1791 2738 1996 2833 areliquis
2011 2733 2196 2811 facillime

490 2860 801 2951 dignoscuntur,
838 2866 929 2956 quia
951 2865 1214 2961 cotyledones
1230 2866 1318 2941 fere
1338 2868 1377 2937 in
1401 2865 1587 2941 omnibus
1604 2890 1627 2940 a
1654 2868 1879 2947 seinvicem
1895 2862 2099 2945 manifeste
2113 2863 2193 2941 dis·
2305 2929 2307 2933 .

490 2995 612 3059 cretae
629 2987 740 3073 sunt3
777 2997 817 3062 at
836 2991 877 3062 in
895 2988 1100 3065 nonnullis
1114 3000 1246 3066 tamen
1266 2991 1462 3086 diagnofis
1484 2993 1572 3068 suas
1591 2992 1710 3069 habet
1728 2989 1978 3069 difficultates
1987 3015 2002 3067 τ·
2035 2991 2197 3087 quando

488 3133 640 3211 nempe*
660 3114 944 3210 cotyledones,
969 3139 1044 3215 per
1061 3123 1330 3193 maturitatem
1346 3118 1477 3203 suam,
1503 3118 1542 3191 in
1564 3139 1690 3193 unum
1709 3138 1858 3217 corpus
1873 3117 2080 3195 indivisum
2104 3140 2197 3193 coa-
2318 3204 2342 3219 Ι

399 3281 401 3285 -
489 3239 674 3325 luerunt3
708 3249 778 3317 aut
799 3243 957 3337 quando
984 3247 1024 3318 in
1049 3247 1330 3320 minutioribus
1349 3246 1634 3341 embryonibus
1656 3243 1860 3322 divisionis
1882 3245 2096 3321 rima-adeo
2117 3267 2195 3319 ex·
2277 3314 2281 3321 .

491 3363 635 3458 quifite
663 3389 791 3464 parva
816 3377 942 3463 atque·
962 3375 1098 3446 tenuis
1135 3372 1214 3456 est,
1251 3381 1298 3445 ut
1319 3393 1371 3447 ne
1391 3366 1560 3447 armatis
1582 3371 1743 3466 quidem
1768 3372 1895 3447 oculis
1915 3373 1994 3445 rite
2018 3370 2192 3481 disoerni

489 3501 619 3585 queat
670 3491 715 3566 In
736 3496 863 3593 priori
878 3497 1011 3592 itaque
1039 3499 1147 3588 casu,
1173 3502 1305 3575 femen
1323 3507 1415 3572 ante
1435 3498 1595 3596 plenam
1609 3499 1718 3574 luam
1735 3500 2007 3573 maturitatem
2021 3497 2194 3601 inciden-

488 3618 606 3705 dum,
633 3630 707 3696 aut
723 3625 892 3698 nucleus
908 3633 1108 3710 maturus,
1141 3627 1359 3702 secundum·
1377 3635 1493 3702 notas
1515 3627 1637 3724 supra
1651 3624 1704 3701 de
1724 3623 1897 3724 pseudo·
1916 3624 2195 3720 monoeotyle·

488 3745 618 3823 doneo
640 3749 786 3827 semine
812 3754 994 3839 traditas,
1026 3750 1297 3850 dijudicandus
1316 3755 1356 3829 δι
1377 3753 1429 3829 ad*
1445 3754 1650 3852 propriam
1678 3752 1785 3826 suam
1810 3748 1963 3826 elaliem
1987 3748 2197 3831 amandan.

488 3870 563 3948 dus
592 3874 657 3953 est
708 3877 755 3952 In
777 3880 905 3959 altero
922 3892 1053 3959 autem
1078 3882 1165 3956 casu
1187 3882 1290 3981 saepe
1300 3877 1437 3977 juvat,
1463 3880 1623 3955 dubium
1643 3874 1839 3974 ejusmodi
1857 3878 2122 3973 embryonem
2143 3875 2193 3948 li·

486 4002 604 4092 quori
629 4003 809 4080 colorato
841 4006 1057 4093 immiiiss'e,
1087 4016 1134 4082 ut
1155 4008 1218 4081 hic
1246 4010 1350 4081 intra
1371 4004 1477 4079 iilius
1506 4007 1646 4080 rimam
1676 4004 1716 4077 se
1743 4004 1782 4078 se
1804 4007 1987 4104 recipiat,
2024 4022 2199 4096 eamque·

486 4127 614 4218 magis
637 4129 781 4205 reddat·
802 4134 1067 4231 conspicuam3
1105 4134 1241 4228 quodii
1269 4157 1372 4209 vero
1401 4155 1454 4206 ne
1481 4131 1557 4204 hoc
1581 4126 1739 4224 quidem
1770 4131 1949 4206 remedio
1976 4128 2190 4224 quidquam

485 4250 739 4346 proficiatur,
781 4266 878 4332 tunc
910 4255 1103 4356 ejusmodi
1129 4261 1262 4335 semen
1300 4257 1348 4333 ad
1382 4257 1771 4353 monocotyledonea
1798 4258 1880 4333 erit
1911 4254 2197 4350 relegandum..

486 4375 636 4451 etiamli
658 4401 713 4452 ex
736 4387 908 4474 genuina
934 4383 1066 4493 planta
1088 4385 1391 4483 dicotyledonea
1413 4385 1537 4460 luerit
1559 4392 1812 4483 prognatum.

492 4646 496 4653 ἱ
584 4525 740 4605 Plantae
761 4534 1064 4633 dIcotyledones
1092 4537 1332 4633 regulariter
1354 4540 1565 4633 geminine
1588 4546 1698 4611 terra
1716 4538 1888 4612 emicant
1910 4535 2059 4611 foliolis
2077 4536 2190 4611 semi·

485 4653 661 4741 nalibus3
688 4659 889 4737 interdum
910 4686 1012 4743 vero
1032 4665 1148 4739 lobos
1163 4667 1262 4741 suos·
1279 4665 1542 4762 cotyledones
1563 4662 1631 4739 iub
1651 4663 1717 4738 illa
1736 4663 1972 4759 relinquunt
1988 4662 2188 4739 abscondi·

484 4787 574 4864 tos,
619 4791 738 4879 atque
762 4786 840 4861 sola
860 4789 925 4864 sua
946 4790 1122 4890 plumula
1147 4794 1186 4864 in
1204 4812 1345 4864 auram
1373 4789 1629 4865 efferunturz.
1661 4812 1786 4887 quare
1810 4813 1947 4869 earum
1967 4789 2189 4889 Cotyledo·

483 4932 576 5001 nes,
603 4912 672 4989 uel
688 4914 872 5012 epigaeae,
900 4919 1195 5018 verhypogaeae
1213 4916 1400 5002 audium·
2098 5012 2105 5027 ·
2132 5031 2195 5086 aa

2051 5035 2132 5111 apag
