4878 6064
534 500 679 559 xcvm
1241 499 1550 555 m

735 708 1048 787 membranaceae
1071 701 1203 779 saltem
1225 703 1402 780 suerint:
1430 700 1576 799 Sicyos
1597 704 1636 777 δι
1655 697 1833 780 Stellatae
1860 705 1995 780 variae.
2049 703 2158 780 Hinc
2182 728 2238 779 ex

743 831 1027 934 legeopposrti,
1045 831 1209 905 abaccis
1224 832 1501 907 removendae:
1520 832 1711 925 Bulbine‚
1735 829 1940 918 Neurada,
1965 830 2236 908 Pariliumdm.

669 1028 674 1039 .
740 964 925 1060 quamvis
943 979 1147 1051 nunquam
1167 956 1386 1043 dehiscant,
2095 956 2098 963 ’

673 1115 826 1217 spuriae,
859 1137 952 1209 quae
974 1134 1030 1185 ex
1057 1112 1334 1203 integumento
1369 1133 1612 1206 quocunque
1635 1111 1825 1194 carnoso,
1862 1133 1936 1208 per
1970 1114 2236 1189 maturitatem

737 1243 896 1316 demum
917 1241 1058 1314 ovario
1075 1233 1351 1333 superindutto
1368 1235 1597 1310 formantur
1624 1236 1664 1311 δι
1687 1237 1823 1311 baccas
1839 1258 1959 1312 veras
1981 1241 2240 1312 aemulantur:

744 1371 784 1442 in
807 1367 1020 1466 Junipero,
1047 1362 1182 1442 Taxo,
1207 1358 1459 1456 Gaultheria,
1485 1363 1657 1446 Basella,
1683 1360 1904 1437 Coccoloba
1921 1363 1959 1437 ὃ(
1975 1363 2069 1439 aliis.
2104 1364 2240 1460 Quan-

736 1496 790 1570 do
814 1505 946 1568 autem
964 1513 1119 1566 merum
1141 1487 1437 1585 receptaculum
1460 1491 1666 1564 carnosum
1686 1490 1748 1574 fit,
1772 1491 1875 1563 utin
1895 1488 2107 1584 Fragaria,
2134 1490 2240 1567 Och-

737 1644 815 1705 na,
842 1615 1044 1714 sajum,
1068 1614 1189 1711 Ficu,
1214 1616 1252 1691 id
1275 1637 1359 1690 non
1378 1616 1515 1710 bacca,
1546 1616 1611 1690 sod
1637 1618 1934 1716 receptaculum
1959 1612 2137 1692 baccatum
2168 1619 2244 1693 dici

737 1758 926 1823 meretur.

635 1915 819 2010 Reliquae
846 1916 1053 1990 baccarum
1076 1908 1315 1987 differentlae
1337 1912 1534 2009 propriae,
1571 1932 1663 2005 quae
1689 1910 1816 1984 adhuc
1841 1909 2047 2001 notandae,
2073 1910 2245 1987 redeunt

538 2043 586 2118 ad
601 2046 752 2118 variam
769 2040 911 2141 Pulpae
925 2038 1210 2114 confistentiam
1233 2049 1352 2130 atque
1367 2038 1573 2120 fabricam,
1599 2060 1768 2113 necnon
1788 2039 1841 2113 ad*
1858 2041 2103 2113 mutationes
2124 2060 2244 2134 quas·

539 2171 683 2245 damin
702 2168 905 2243 nonnullis
929 2166 1058 2241 baccis
1076 2166 1245 2239 maturis
1261 2177 1433 2239 externe
1456 2174 1730 2242 occurrentes.

634 2351 776 2450 Pulpae
804 2351 1072 2434 consrstentia,
1110 2347 1208 2422 sicut
1238 2348 1308 2422 illa
1330 2349 1458 2422 baccae
1485 2350 1632 2431 totius,
1664 2350 1886 2442 generatim
1919 2346 2051 2422 mollis
2078 2349 2162 2434 est,
2200 2359 2251 2424 ut

539 2481 655 2554 etiam
672 2480 745 2552 alia
763 2480 1011 2587 pericarpia,
1029 2475 1178 2570 quin&
1196 2475 1273 2572 ipsa
1294 2475 1458 2558 semina,
1484 2474 1643 2568 quando
1664 2497 1719 2546 ex
1742 2483 1856 2571 parte
1869 2528 1886 2558 ,
1905 2474 2031 2572 pulpa
2047 2477 2162 2550 molli
2180 2478 2246 2551 do·

538 2618 619 2681 tata
634 2608 742 2689 sunt,
767 2600 912 2680 baccata
935 2603 1134 2685 dicantur3
1159 2601 1223 2674 sed
1240 2602 1455 2698 speciatim,
1483 2600 1604 2673 fluida
1626 2601 1825 2674 Interdum
1851 2601 1889 2674 ἃ
1908 2602 1986 2675 vix
1998 2623 2080 2674 non
2104 2603 2246 2698 aquosa

539 2728 1016 2831 estpulpa:.inAnabas1;
1037 2727 1257 2821 glutinosa,
1278 2730 1316 2799 in
1331 2727 1472 2810 Visco,
1500 2727 1797 2821 mucilaginosa,
1824 2732 1864 2801 in
1881 2727 2133 2826 Nymplaaea3
2161 2752 2245 2802 car·-

540 2861 656 2943 nosa,
685 2862 721 2931 in
738 2857 952 2939 Phoenice;
976 2854 1163 2949 fungosa,
1191 2857 1231 2926 in
1250 2853 1550 2946 Mandragorae
1576 2853 1614 2927 δι
1636 2854 1806 2949 denique
1823 2853 2152 2949 graniscallofis,
2179 2864 2247 2928 aut

540 2987 654 3073 fibris
676 2984 906 3059 durioribus
933 2984 1181 3064 intermixta,
1215 2981 1254 3051 in
1287 2976 1435 3077 Sapota
1467 2979 1506 3054 ἃ
1539 2978 1805 3075 Cyminosma.
1853 2980 2027 3056 Fabrica·
2048 2990 2183 3055 autem
2207 2982 2247 3052 in

540 3110 771 3186 universum
796 3109 950 3205 triplex
980 3105 1067 3181 est:¹
1095 3112 1144 3179 1⁰.
1171 3104 1384 3178 uniformis
1408 3106 1432 3177 l.
1457 3105 1803 3199 subhomogenea,
1838 3110 1967 3203 qualis
1992 3111 2032 3181 in
2061 3109 2249 3180 omnibus

541 3238 661 3313 modo
688 3231 799 3311 distis
821 3236 859 3309 dt
877 3235 1061 3331 plurimis
1077 3234 1168 3307 aliis
1182 3233 1396 3329 reperitur.
1447 3237 1505 3304 2⁰2
1529 3229 1785 3317 veficularis,
1810 3235 1875 3310 seu
1892 3258 1946 3311 ex
1966 3232 2125 3308 cellulis
2142 3234 2247 3306 clau-

541 3364 593 3438 fis
616 3363 655 3437 &
676 3364 873 3462 peculiari·
884 3360 1090 3435 substantia
1106 3359 1271 3458 repletis
1286 3356 1549 3430 consarcinata
1562 3380 1578 3428 :2
1599 3368 1646 3430 ut
1667 3360 1707 3430 in
1727 3358 1859 3444 Citro,
1884 3358 2105 3435 Cucumi&
2127 3356 2246 3432 Nlan·

543 3489 712 3584 gostana.
740 3489 779 3564 dr
797 3493 850 3579 30³.
876 3486 1140 3578 arillisormis,
1166 3485 1259 3559 dum
1280 3484 1356 3558 scil.
1371 3484 1645 3582 pulpanullibi
1666 3508 1753 3560 cum
1773 3488 1991 3584 parietibus
2010 3486 2247 3560 loculamen-

457 3670 460 3675 ,
543 3630 677 3691 torum
693 3616 899 3691 cohaerere
909 3615 1090 3693 videtur,
1116 3612 1179 3688 sed
1200 3635 1259 3684 ex
1269 3632 1411 3683 eorum
1428 3615 1599 3686 cavitate
1614 3620 1798 3706 tanquam
1808 3615 2022 3713 peculiaris
2041 3612 2245 3686 folliculus

543 3745 733 3843 pulposus
748 3744 872 3818 eximi
889 3739 1036 3839 potest,
1063 3741 1130 3833 qui
1148 3760 1271 3811 unum
1288 3737 1447 3811 autduo
1463 3737 1609 3810 semina
1621 3740 1659 3810 in
1679 3739 1871 3837 separatis
1883 3739 2249 3817 cellulis-continet:

544 3876 585 3946 in
602 3871 804 3958 Limonia,
829 3868 1019 3965 Bryonia
1044 3862 1210 3963 laciniosa
1232 3863 1272 3938 dr
1292 3863 1584 3958 quodammodo
1609 3867 1649 3936 in
1677 3864 1877 3964 Jasmino,

641 4063 896 4140 Mutationes
912 4086 1006 4137 raro
1020 4063 1125 4147 allae,
1153 4082 1272 4155 quam
1287 4058 1453 4143 coloris,
1480 4067 1655 4133 externe
1682 4063 1720 4133 in
1747 4062 1873 4138 baccis
1900 4066 2068 4140 maturis
2092 4065 2247 4139 contin·

546 4200 664 4287 gunt,
695 4213 818 4285 quum
841 4212 921 4264 una
950 4211 1012 4263 ex
1029 4190 1244 4287 praecipuis
1272 4207 1411 4260 earum
1441 4185 1599 4260 dotibus
1627 4184 1689 4277 sit,
1725 4198 2001 4285 ut'nunquam
2031 4192 2246 4271 dehiscant,

545 4319 724 4411 adeoque
748 4338 823 4392 nec
838 4315 1008 4391 sormam
1031 4315 1137 4389 suam
1164 4315 1482 4389 sacilemutent..
1520 4307 1714 4387 Attamen
1739 4315 1884 4390 dantur
1905 4318 2131 4403 nonnullae,
2158 4337 2247 4411 quae

546 4449 593 4520 ab
611 4447 683 4519 hac
696 4443 836 4537 regula
853 4439 1096 4518 dellettuntr
1116 4441 1175 4517 lta
1196 4446 1302 4516 enim
1321 4438 1545 4536 Myristicae
1569 4440 1699 4525 bacca,
1724 4464 1800 4539 per
1819 4446 2113 4529 maturitatem,
2141 4446 2179 4517 in
2194 4441 2247 4515 al·

547 4574 638 4647 tero
654 4572 722 4645 suo
744 4570 888 4653 latere,
913 4572 1014 4643 rima
1031 4570 1307 4663 longitudinali
1331 4567 1508 4651 dehiscit3
1539 4566 1578 4640 ἃ
1603 4568 1655 4641 ita
1674 4588 1835 4665 quoque
1861 4568 2053 4669 Xylopiae
2074 4568 2246 4649 frustum

546 4697 668 4772 simili
686 4695 817 4771 fissura
843 4700 880 4769 in
912 4698 1065 4772 vertice
1089 4696 1233 4794 saepius
1253 4694 1499 4771 dlviduntur:
1549 4691 1656 4766 Aliae
1683 4718 1787 4770 vero
1819 4692 2002 4781 elastice,
2025 4699 2093 4773 vel
2115 4699 2246 4772 saltem

546 4827 686 4924 sponte
704 4828 743 4899 in
767 4826 926 4899 lacinias
945 4821 1188 4918 irregulares
1207 4830 1453 4919 rumpuntur
1476 4828 1596 4914 atque
1617 4832 1774 4895 matura
1794 4822 1861 4896 sua
1889 4823 2064 4900 fundunt
2086 4828 2246 4900 semina:

548 4951 958 5045 utharantiaatqpe
971 4947 1142 5037 Punicam
1167 4950 1274 5036 aliae,
1299 4944 1451 5046 dejecto
1468 4950 1633 5023 verticis
1648 4951 1839 5048 operculo
1851 4949 1990 5026 hiantz.
2007 4960 2056 5027 ut
2066 4950 2246 5026 Momor·

2167 5077 2246 5151 dica
