4852 6062
441 474 593 550 LxxN
1141 450 1453 538 'Q

540 681 700 780 Loboli,
721 681 924 760 manifeste
950 682 1107 779 quidem
1126 689 1164 759 in
1189 697 1326 785 pantes
1354 707 1462 760 nunc
1488 682 1632 776 magis,
1664 701 1772 756 nunc
1793 683 1928 757 minus
1946 678 2150 781 'profunde
2191 710 2199 735 ¹

445 814 552 892 incili
567 813 781 896 videntum
804 821 845 884 at
865 820 1003 908 partes
1018 835 1146 911 prope
1163 838 1281 887 axem
1302 813 1400 886 adeo
1420 788 1527 885 aesta
1546 813 1650 882 inter
1673 809 1711 881 se
1735 808 1959 900 cohaerent,
1984 822 2031 883 ut
2054 833 2151 883 non·

443 967 560 1039 quam
578 944 618 1015 in
634 938 915 1036 conceptacula
927 938 1053 1011 clausa
1071 940 1308 1024 dilabantur,
1336 938 1399 1013 sed
1417 935 1644 1011 constantes
1666 936 1704 1007 in
1719 934 1904 1010 valvulas
1924 947 2077 1010 tantum
2093 937 2151 1013 se·

444 1070 605 1155 cedant,
631 1076 900 1166 praeterquam
918 1068 957 1139 in
974 1064 1298 1164 Cardiospermo,
1323 1060 1436 1160 cujus
1459 1063 1664 1160 lobiapice
1674 1062 1808 1136 saltem
1828 1063 2040 1137 debiscunt.
2066 1063 2151 1137 Dif-

444 1197 584 1271 ferunt
602 1194 772 1267 fabrica:
792 1214 884 1267 nam
911 1192 981 1265 alii
998 1183 1140 1267 eorum
1168 1203 1307 1291 aperte
1337 1216 1393 1267 ex
1420 1192 1577 1265 duobus
1600 1189 1624 1261 Ι.
1648 1190 1784 1264 tribus
1813 1193 1963 1264 ovariis
1990 1189 2152 1265 conflati

444 1323 558 1398 sunta
588 1330 635 1394 ut
654 1317 833 1395 Cerbera
853 1314 1037 1414 Mangbus
1064 1319 1105 1394 δι
1133 1317 1311 1392 Annona
1342 1313 1485 1401 lohatm
1510 1325 1581 1390 aut
1605 1316 1932 1413 superficietenus
1955 1319 2088 1392 saltem
2111 1321 2152 1389 in

445 1451 562 1524 lobos
579 1449 840 1546 partiuntur:
861 1457 906 1519 ut
932 1442 1201 1547 Ophirrhiza,⁴
1230 1444 1498 1543 Ophioxylon
1527 1444 1565 1519 bt
1592 1442 1807 1519 Veronicae
1829 1446 2055 1518 nonnullae:
2084 1446 2152 1537 qui

444 1577 569 1651 lobati
587 1575 710 1672 spurii
731 1573 804 1647 dici
825 1588 1043 1647 merentur.
1092 1570 1176 1646 Alii
1196 1583 1329 1646 autem
1356 1596 1378 1644 a
1399 1570 1686 1669 protuberante
1710 1570 1962 1646 valvularum
1992 1572 2152 1646 suarum

446 1702 586 1784 dorso,
612 1699 909 1792 earundemque
928 1697 1091 1773 inflexis
1111 1699 1253 1773 versus
1276 1723 1394 1773 axem
1413 1697 1661 1791 marginibus
1676 1699 1729 1770 ita
1744 1695 1996 1781 formantur,
2015 1709 2062 1770 ut
2079 1696 2153 1771 dis-

446 1830 667 1926 sepimenta
684 1829 724 1898 in
745 1810 814 1900 his.
837 1826 1023 1899 omnibus
1045 1824 1245 1921 duplicata
1262 1824 1352 1910 smt,
1378 1834 1496 1919 atque
1524 1823 1793 1898 loculamenta
1813 1847 1836 1897 a
1859 1824 1950 1898 solis
1977 1822 2153 1920 proficis-

447 1963 589 2029 cantur
613 1952 812 2036 valvulis‘,
837 1974 912 2048 per
931 1951 1198 2025 maturitatem
1214 1952 1345 2035 snam,
1373 1953 1609 2050 plerumque
1626 1950 1673 2022 ab
1688 1952 1755 2021 axi
1770 1947 1923 2024 inustus
1940 1950 2077 2047 sponte
2094 1950 2152 2022 se-

448 2080 691 2155 cedentibus.
740 2076 822 2151 His
846 2073 1016 2151 stristius
1041 2072 1152 2150 dictis
1179 2077 1321 2152 Iobatis
1344 2074 1566 2161 frustibuS,
1592 2076 1720 2171 stylus
1746 2074 1915 2173 simplex
1935 2075 2009 2158 est,
2035 2073 2156 2148 autli
2288 2116 2292 2125 ·

449 2228 533 2281 uno
557 2205 695 2303 plures
719 2203 813 2286 lint,
838 2212 971 2276 tamen
997 2198 1152 2275 fructus
1168 2256 1184 2287 ,
1209 2228 1265 2277 ex
1284 2206 1401 2277 unico
1424 2225 1568 2277 eorum
1594 2202 1842 2275 soecuundari
1870 2200 2000 2299 potest
2022 2210 2152 2283 totus,

447 2341 495 2406 ut
514 2332 632 2430 supra
650 2325 732 2425 jam
745 2329 793 2402 de
815 2327 1026 2424 Hyperico
1046 2328 1243 2404 relatum:
1262 2353 1385 2425 quare
1400 2328 1593 2402 fruttibus
1607 2326 1846 2425 fiinplicibus
1865 2331 2010 2402 merito
2026 2349 2153 2400 annu-

314 2450 319 2455 ’
448 2468 674 2532 merantur„
716 2452 813 2529 Non
832 2452 949 2531 valde
975 2451 1210 2546 frequentes
1232 2456 1344 2546 sunt,
1369 2454 1441 2528 nist
1464 2452 1596 2527 forsan
1622 2453 1759 2537 bilobi,
1785 2457 1852 2548 qui
1881 2456 2001 2528 etiam
2024 2449 2156 2550 didymi

448 2582 555 2658 reste
578 2584 783 2666 dicuntur,
809 2577 969 2676 quando
980 2602 1123 2654 eorum
1140 2580 1455 2681 dissepimentum
1470 2604 1526 2654 ex
1540 2578 1846 2676 duplicilamina
1854 2580 2071 2656 formatum
2084 2578 2161 2653 est.

447 2708 609 2784 Dantur
627 2718 760 2784 autem
774 2729 790 2780 t

596 2872 738 2960 Bilubi,
762 2871 957 2973 sdioijmi:
980 2876 1020 2947 in
1035 2871 1234 2972 Bud'dleja·
1253 2884 1372 2971 atque
1394 2874 1663 2970 R‘ingentibus
1687 2875 1823 2950 variis

601 3029 638 3106 T
633 3023 738 3105 risobi
750 3055 768 3102 :1
799 3030 840 3101 in
863 3023 1064 3112 Gloriosa,
1090 3026 1314 3114 Colchicor
1332 3026 1666 3128 Cardiospenmo,
1687 3027 1897 3124 Hyperico
1915 3025 1987 3102 &u

597 3176 856 3287 Quinquelobi:
874 3182 913 3255 in
929 3177 1121 3265 Oxalltle,
1146 3179 1346 3276 Fagonia,
1380 3181 1681 3258 Rhododendro
1699 3179 1774 3255 &u

508 3478 511 3485 ,
548 3392 737 3494 Compofiti
751 3387 906 3467 smnus
921 3391 975 3465 ab
986 3392 1173 3467 omnibus
1190 3389 1382 3467 hactenus
1402 3389 1518 3468 distis
1537 3389 1791 3465 essentialiter
1813 3384 2024 3472 differunt,
2048 3381 2158 3483 quod

448 3520 691 3597 cannabus
718 3530 791 3594 aut
809 3515 991 3617 pluribus
1020 3519 1171 3593 ovariis
1194 3518 1444 3594 diversorum
1474 3517 1647 3601 ilerum,
1681 3520 1721 3589 in
1751 3512 1925 3591 frustum
1956 3513 2157 3608 singulum

453 3649 626 3730 coalitis,
651 3644 812 3719 formati
834 3640 920 3717 smt
969 3641 1175 3743 Apprime*
1190 3647 1277 3718 rari
1295 3646 1402 3731 sunt,
1428 3648 1524 3740 quia
1538 3641 1693 3717 nonnisi
1718 3666 1776 3717 ex
1805 3644 1960 3721 suariis
1989 3632 2161 3734 inferis,

448 3784 586 3849 autex
597 3770 752 3871 pistillis
768 3772 931 3865 penitus
944 3771 1061 3846 nudis
1076 3773 1174 3846 oriri
1191 3769 1374 3870 pollunt3
1400 3773 1438 3848 ὅ(
1453 3773 1489 3847 id
1508 3792 1670 3866 qnoque
1689 3793 1831 3844 eorum
1855 3790 2071 3843 numerum
2091 3768 2159 3840 mi·

312 3912 316 3917 ’
447 3903 555 3985 nuit,
581 3897 693 3993 quot·
714 3896 817 3995 saepe
839 3897 880 3969 in
905 3897 1045 3972 codem
1067 3919 1216 3992 genere
1237 3898 1465 3973 naturali&
1492 3897 1636 3982 adalse,
1663 3897 1702 3972 bt
1729 3892 1854 3974 abe‘lsc
1874 3895 2034 3972 soleant.
2084 3891 2159 3967 Ex

447 4029 578 4102 baccis
594 4024 741 4097 insonis·
750 4023 955 4122 compositi
969 4026 1059 4100 sunt
1074 4004 1468 4123 stuttusCaprisolii,
1495 4021 1742 4110 Mitchellae,
1755 4021 1979 4104 Morlndae,
1998 4017 2159 4093 Ananae

446 4148 569 4251 vesca,
595 4151 634 4225 bt
651 4148 889 4243 quandoque
903 4147 1119 4228 Pavettaet
1141 4154 1345 4247 inquibus
1361 4150 1705 4225 omnibuscoallta
1726 4152 1831 4223 inter
1853 4148 1892 4222 se
1917 4147 2159 4224 ovariasru·

448 4276 553 4353 stum
581 4277 782 4359 formant,
802 4276 872 4369 qui
891 4261 1061 4351 floribus
1089 4280 1389 4377 procommuni
1419 4279 1672 4377 receptaculo
1707 4278 1888 4354 inservit.
1936 4274 2009 4349 Ex
2037 4262 2158 4350 nudis

447 4412 580 4479 autem
597 4401 753 4500 pistillis
773 4403 1103 4498 compaginantur
1124 4401 1475 4484 fructus-Pandam.
1496 4416 1615 4500 atque
1643 4400 1804 4487 Simus,
1828 4404 1897 4497 qui
1919 4423 2000 4475 non
2028 4401 2157 4476 solum

447 4527 674 4628 composui,
700 4526 769 4601 sed'
783 4526 851 4601 vel
859 4523 1189 4631 suprudacompofiti
1209 4531 1283 4604 dici
1300 4541 1519 4606 merenmr.
1569 4528 1672 4606 Nam
1689 4535 1728 4603 i'n
1744 4529 1952 4614 Pandano,
1979 4531 2159 4627 primum

449 4661 659 4732 innumera
672 4655 893 4751 pericarpia
914 4660 1079 4754 propria
1101 4659 1262 4732 inverse·
1277 4656 1545 4756 pyramidata,
1572 4681 1630 4731 ex
1649 4657 1804 4731 coalitis
1826 4658 2003 4750 quinque
2027 4655 2051 4727 l.
2069 4653 2155 4750 sep-

450 4796 531 4861 tem
549 4783 819 4882 putaminibus
838 4779 953 4856 osseis
970 4781 1009 4857 δι
1026 4806 1146 4857 carne
1162 4792 1294 4857 extus
1310 4782 1483 4868 vestitis,
1512 4784 1764 4869 formanturg
1783 4783 1923 4858 deinde
1944 4805 2045 4857 vero
2059 4780 2156 4854 dru-

451 4931 586 5012 paceae
607 4904 684 4982 illae
700 4908 951 5010 pyramidem
974 4907 1140 4985 inferius
1153 4911 1258 4985 inter
1273 4909 1722 5007 serconfercuminanmc
1736 4908 1777 4986 ἃ
1794 4911 1834 4983 in
1846 4905 2049 4984 fasciculos
2063 4926 2156 5004 par-

579 5058 583 5065 ·
1489 5028 1497 5042 ’
1811 5022 1813 5027 ’
2016 5031 2153 5118 mles,

1633 5194 1637 5199 ’
1742 5206 1784 5329 ἕ
