4852 6062
503 540 602 600 nn
1206 527 1515 586 ·“--“·-“-“-“-“-““--“’

502 738 577 813 dus
599 736 639 813 δι
657 760 713 812 ex
733 760 784 816 eo
807 757 969 833 quoque
995 737 1157 836 propria
1176 738 1304 813 ovaril
1327 735 1529 811 fabrica&
1555 735 1686 830 ligura
1711 730 1954 831 dijudicanda
1977 732 2060 808 estc
2096 753 2196 827 quo-

502 866 608 939 niam
621 874 754 940 autem
771 862 823 938 de
842 864 930 947 illo,
962 864 1227 956 omnibusque
1246 863 1412 956 reliquis
1438 865 1566 936 ovarii
1584 858 1859 936 affectionibus
1873 864 2005 958 aptius
2026 859 2197 945 dicetur,

501 1012 592 1062 cum
619 989 670 1064 de
697 998 855 1063 maturo
876 986 1007 1064 fructu
1030 988 1159 1063 sermo
1178 992 1277 1071 erit3
1310 989 1407 1062 nihil
1433 989 1521 1063 heic
1543 989 1592 1062 d'e
1617 992 1758 1063 ovario
1779 986 1859 1085 ipso
1881 987 2090 1072 addemus,
2124 986 2197 1062 nist

501 1115 606 1208 quod
640 1115 766 1189 altera
792 1111 879 1211 ejus
910 1116 1121 1215 periodus,
1171 1117 1210 1189 in
1237 1115 1498 1212 carpologicis
1521 1113 1856 1208 disquifitionibus
1880 1117 2041 1188 minime
2069 1115 2196 1209 negli-

501 1241 650 1335 genda,
680 1241 742 1315 led
767 1244 901 1341 potius
927 1250 1064 1316 curate
1084 1239 1285 1314 scrutanda
1301 1239 1362 1324 lit,
1396 1241 1554 1334 quando
1574 1242 1795 1313 naturalem
1814 1241 1988 1336 partium
2007 1241 2122 1314 fitum
2138 1250 2197 1314 at-

395 1379 401 1386 “
500 1386 579 1458 que
603 1388 816 1440 numerum
838 1363 945 1440 noll'e
963 1365 1144 1451 interest,
1180 1370 1273 1463 quia
1291 1367 1377 1441 haec
1391 1389 1466 1464 per
1480 1368 1750 1440 maturitatem
1768 1366 1871 1464 saepe
1893 1365 2117 1441 alterantur
2135 1375 2195 1441 at·

499 1506 579 1584 que
595 1493 847 1576 minuuntur,
871 1492 966 1567 dum
986 1493 1139 1587 reliqua
1160 1496 1291 1567 omnia
1310 1502 1510 1587 augentur
1533 1491 1792 1568 &crescunt

596 1697 739 1791 Stulta,
765 1702 833 1795 qui
856 1711 898 1776 et
923 1697 1021 1778 Tubu
1038 1702 1202 1786 dicitur,
1223 1701 1284 1776 est
1301 1722 1397 1799 pars
1421 1704 1526 1777 inter
1543 1700 1681 1793 stigma
1695 1709 1736 1776 et
1749 1701 1934 1775 ovarium
1954 1700 2099 1787 media,
2125 1724 2195 1776 cu.

494 1815 564 1919 jus
580 1848 658 1923 ope
675 1827 860 1919 genitura
874 1825 1047 1901 mascula
1067 1827 1116 1902 ad
1137 1826 1353 1902 ovulorum
1374 1827 1501 1903 sedem
1516 1827 1709 1907 defertur.
1769 1824 1807 1900 N
1811 1848 1864 1899 on
1879 1824 1937 1901 est
1952 1825 2113 1901 feminei
2128 1852 2195 1926 ap-

494 1954 664 2048 paratus
684 1973 781 2050 pars
799 1952 1001 2037 constans,
1026 1975 1117 2027 nam
1132 1953 1274 2052 saepius
1289 1953 1443 2036 delicit,
1476 1953 1634 2048 quando
1651 1952 1729 2026 scil
1750 1950 1888 2044 stigma
1901 1952 2024 2027 sellile
2041 1953 2116 2040 est,
2148 1965 2196 2036 ut

500 2078 541 2150 in
561 2074 827 2172 Mangoltana
847 2078 886 2154 δι
910 2078 1139 2177 Papavere3
1176 2089 1245 2152 aut
1262 2078 1418 2173 quando
1433 2079 1557 2155 ovula
1577 2079 1625 2152 ab
1651 2078 1733 2175 ipso
1751 2087 1870 2151 utero
1891 2077 2195 2175 foecundantur,

499 2205 601 2278 utin
618 2199 881 2302 Aphroditis:
906 2206 999 2282 licet
1021 2208 1138 2279 etiam
1158 2205 1199 2278 in
1218 2205 1281 2280 his
1300 2223 1588 2299 nonnunquam
1606 2203 1700 2300 styli
1719 2205 2005 2279 imitamentum
2024 2205 2130 2291 adlit,
2147 2220 2196 2282 ut

498 2329 540 2401 in
555 2326 714 2404 Muscis
733 2329 773 2407 dr
792 2329 1138 2429 Jungermanniis,
1171 2330 1277 2424 quod
1292 2342 1427 2405 autem
1446 2352 1603 2405 merum
1623 2329 1820 2427 calyptrae
1834 2331 2093 2404 retinaculum
2112 2332 2193 2419 est,

497 2475 550 2529 ne
569 2452 644 2529 scil.
664 2457 730 2532 illa
744 2450 852 2553 justo
882 2460 1000 2536 citius
1017 2454 1166 2534 defluat
1186 2456 1226 2531 dr
1250 2459 1513 2533 tenerrimum
1543 2457 1736 2533 ovarium
1760 2458 1861 2530 airis
1885 2450 2040 2552 injuriis
2063 2481 2193 2558 expo-

496 2586 629 2658 natur,

594 2761 723 2842 Ortus
743 2766 834 2862 styli
853 2775 1094 2867 apparenter
1114 2768 1282 2868 duplex:
1315 2764 1415 2843 alter
1429 2790 1484 2843 ex
1499 2769 1664 2867 propria
1679 2768 1807 2845 ovarii
1826 2766 2052 2852 dubitantia,
2091 2770 2193 2844 alter

498 2914 553 2981 cx
577 2892 784 2967 substantia
804 2894 1043 2991 receptaculi
1066 2893 1219 2971 fruetus
1242 2895 1511 2992 proficiscens.
1570 2892 1690 2968 Prior
1715 2895 1894 2967 onmium
1926 2891 2193 2987 frequentiffi·

495 3039 608 3103 mus3
645 3019 843 3116 posterior
863 3030 993 3094 autem
1019 3023 1165 3103 rarior,
1198 3018 1238 3093 &
1257 3020 1319 3092 hic
1336 3020 1414 3117 ipse
1443 3021 1588 3093 iterum
1608 3020 1761 3117 duplex
1782 3018 1849 3096 est
1899 3016 1987 3093 Aut
2005 3027 2109 3095 cuim
2135 3044 2192 3096 ex

497 3145 749 3242 receptaculo
775 3146 969 3220 oriundus
989 3143 1119 3241 stylus
1146 3148 1283 3219 intime
1313 3167 1402 3217 cum
1425 3147 1568 3219 ovario
1593 3147 1730 3219 unitur
1758 3155 1800 3218 et
1818 3144 2076 3219 indiscretum
2102 3167 2193 3219 cum

496 3293 547 3347 co
570 3267 694 3343 efficit
708 3291 877 3368 corpus:
903 3283 949 3344 ut
965 3271 1004 3346 in
1020 3268 1325 3364 Leguminolis,
1346 3267 1553 3364 Siliqoolis
1570 3282 1613 3345 et
1631 3269 2024 3367 Multicapsularibus
2048 3273 2193 3346 variis:

495 3393 586 3473 Aut
609 3397 678 3473 ille
699 3396 836 3471 saltem
861 3396 953 3469 huic
973 3399 1168 3472 accumbit
1186 3407 1229 3470 et
1251 3396 1460 3471 discretam
1486 3419 1509 3470 a
1535 3406 1694 3470 maturo
1717 3399 1861 3473 ovario
1879 3394 2081 3469 constituit
2102 3419 2190 3494 par·

497 3532 602 3597 tem:
636 3532 682 3597 ut
703 3524 744 3596 in
763 3521 1003 3606 Malvaceis,
1037 3520 1305 3620 Asperifoliis,
1335 3520 1596 3599 Verticillatis
1618 3530 1661 3596 et
1677 3519 1781 3607 aliis3
1809 3521 2018 3621 inquibus
2037 3520 2192 3618 stylus,

497 3646 611 3723 limul
630 3669 791 3744 quoque
812 3650 1051 3747 receptaculi
1072 3650 1295 3723 communis
1320 3649 1429 3726 vices
1448 3648 1560 3723 subit

594 3852 707 3933 Situs
734 3859 874 3942 etiam,
916 3855 1046 3932 stridte
1067 3857 1289 3952 loquendo,
1337 3859 1489 3933 nonnili
1509 3859 1660 3957 duplex
1683 3858 1758 3942 est,
1790 3856 1854 3932 -sed
1882 3876 1937 3931 ex
1960 3859 2194 3954 apparentia

497 3984 651 4083 triplex
668 3983 862 4059 censetor.
924 3982 1151 4068 Terminalis,
1182 4005 1272 4058 cum
1287 4009 1310 4058 e
1327 3985 1454 4058 medio
1471 3987 1599 4060 orarii
1614 3986 1764 4060 vertice
1784 3984 1935 4082 prodit,
1963 3993 2008 4055 ut
2026 3984 2065 4055 in
2079 3979 2190 4056 Ana·

499 4110 641 4206 gallide
661 4119 703 4184 et
718 4110 841 4205 longe
864 4108 1049 4209 plurimis
1069 4111 1168 4186 aliis.
1217 4108 1415 4195 Lamotis,
1443 4132 1533 4184 cum
1553 4110 1682 4207 stylus
1698 4111 1764 4184 vel
1785 4110 1954 4190 solutus,
1983 4107 2050 4181 vel
2072 4107 2193 4182 adna-

490 4226 584 4321 tus,
616 4234 826 4311 secundum
844 4236 1130 4329 longitudinem
1151 4239 1281 4312 ovarii
1297 4235 1489 4320 decurrit,
1516 4243 1617 4311 utin
1637 4233 1916 4330 Leguminolis
1933 4242 1973 4307 et
1992 4229 2191 4309 Geraniis.

499 4359 690 4469 Bostlcris,
723 4361 881 4457 quando
897 4358 1047 4457 stylus,
1080 4373 1215 4436 cetera
1233 4363 1405 4457 undique
1418 4361 1537 4446 liber,
1570 4365 1712 4438 ovario
1729 4383 1857 4460 prope
1880 4358 1985 4434 bafin
2006 4359 2112 4434 suam
2129 4362 2191 4434 in-

500 4492 631 4570 sertus
648 4487 727 4573 est,
751 4490 861 4564 utin
878 4481 1089 4584 Fragaria,
1113 4487 1306 4575 Hirtella,
1330 4487 1540 4582 Weigela,
1568 4487 1884 4588 paucillimisque
1903 4487 2000 4562 aliis.

596 4696 770 4776 Fabrica
792 4705 836 4772 et
851 4699 1010 4774 interna
1024 4696 1242 4784 lirustura,
1275 4720 1368 4773 cum
1394 4700 1549 4794 origine
1568 4701 1767 4775 exovmii
1792 4699 1817 4773 l
1839 4699 2082 4797 receptaculi
2101 4699 2190 4773 sob-

500 4812 641 4907 moda
665 4837 912 4921 congruunt:
955 4827 1045 4903 inde
1067 4828 1174 4902 enim
1189 4824 1358 4900 coticula
1386 4833 1429 4900 et
1447 4825 1719 4925 parenchyma
1741 4834 1784 4899 et
1815 4825 1891 4922 ipsa
1915 4845 2076 4919 quoque
2098 4823 2192 4901 vasa

500 4951 747 5056 procedunt,
790 4954 935 5049 quibus
960 4963 1045 5030 tota
1060 4952 1155 5049 ‘styli
1172 4954 1399 5047 integratur
1426 4974 1653 5053 compages.
1727 4951 1915 5054 Inprimis
1939 4961 2071 5027 autem
2099 4949 2192 5025 vala

2072 5077 2192 5153 habet
