<?xml version="1.0" encoding="UTF-8"?>
<!DOCTYPE html PUBLIC "-//W3C//DTD XHTML 1.0 Transitional//EN"
    "http://www.w3.org/TR/xhtml1/DTD/xhtml1-transitional.dtd">
<html xmlns="http://www.w3.org/1999/xhtml" xml:lang="en" lang="en">
 <head>
  <title>
</title>
<meta http-equiv="Content-Type" content="text/html;charset=utf-8" />
  <meta name='ocr-system' content='tesseract 3.04.00' />
  <meta name='ocr-capabilities' content='ocr_page ocr_carea ocr_par ocr_line ocrx_word'/>
</head>
<body>
  <div class='ocr_page' id='page_1' title='image "./defructibusetse00gaergoog_0015.png"; bbox 0 0 4852 6062; ppageno 0'>
   <div class='ocr_carea' id='block_1_1' title="bbox 1106 464 1590 551">
    <p class='ocr_par' dir='ltr' id='par_1_1' title="bbox 1106 464 1590 551">
     <span class='ocr_line' id='line_1_1' title="bbox 1106 464 1590 551; baseline 0.006 -6"><span class='ocrx_word' id='word_1_1' title='bbox 1106 464 1590 551; x_wconf 86' lang='lat' dir='ltr'><strong>PRAEFATIO.</strong></span> 
     </span>
    </p>
   </div>
   <div class='ocr_carea' id='block_1_2' title="bbox 395 682 2203 797">
    <p class='ocr_par' dir='ltr' id='par_1_2' title="bbox 395 682 2203 797">
     <span class='ocr_line' id='line_1_2' title="bbox 395 682 2203 797; baseline 0.002 -29"><span class='ocrx_word' id='word_1_2' title='bbox 395 682 398 691; x_wconf 80' lang='grc'><strong>’</strong></span> <span class='ocrx_word' id='word_1_3' title='bbox 496 694 536 768; x_wconf 86' lang='lat'>&amp;</span> <span class='ocrx_word' id='word_1_4' title='bbox 553 688 806 773; x_wconf 74' lang='lat' dir='ltr'><strong>Socaunno,</strong></span> <span class='ocrx_word' id='word_1_5' title='bbox 831 689 999 763; x_wconf 84' lang='lat' dir='ltr'><strong>meritus</strong></span> <span class='ocrx_word' id='word_1_6' title='bbox 1021 686 1237 763; x_wconf 89' lang='lat' dir='ltr'><strong>debebatur</strong></span> <span class='ocrx_word' id='word_1_7' title='bbox 1259 688 1414 764; x_wconf 87' lang='lat' dir='ltr'><strong>honos:</strong></span> <span class='ocrx_word' id='word_1_8' title='bbox 1440 685 1470 758; x_wconf 85' lang='lat' dir='ltr'><strong>fi</strong></span> <span class='ocrx_word' id='word_1_9' title='bbox 1493 696 1627 763; x_wconf 88' lang='lat' dir='ltr'><strong>autem</strong></span> <span class='ocrx_word' id='word_1_10' title='bbox 1647 688 1687 758; x_wconf 93' lang='lat' dir='ltr'><strong>in</strong></span> <span class='ocrx_word' id='word_1_11' title='bbox 1707 685 1780 760; x_wconf 89' lang='lat' dir='ltr'><strong>hac</strong></span> <span class='ocrx_word' id='word_1_12' title='bbox 1805 688 2067 767; x_wconf 65' lang='lat' dir='ltr'><strong>innodatione</strong></span> <span class='ocrx_word' id='word_1_13' title='bbox 2087 697 2203 797; x_wconf 83' lang='lat' dir='ltr'><strong>culpa</strong></span> 
     </span>
    </p>
   </div>
   <div class='ocr_carea' id='block_1_3' title="bbox 471 842 2253 4085">
    <p class='ocr_par' dir='ltr' id='par_1_3' title="bbox 471 842 2253 4085">
     <span class='ocr_line' id='line_1_3' title="bbox 494 842 2201 948; baseline -0.004 -28"><span class='ocrx_word' id='word_1_14' title='bbox 494 847 561 932; x_wconf 86' lang='lat' dir='ltr'><strong>lit;</strong></span> <span class='ocrx_word' id='word_1_15' title='bbox 587 848 665 920; x_wconf 90' lang='lat' dir='ltr'><strong>erit</strong></span> <span class='ocrx_word' id='word_1_16' title='bbox 681 845 747 918; x_wconf 89' lang='lat' dir='ltr'><strong>illa</strong></span> <span class='ocrx_word' id='word_1_17' title='bbox 766 845 893 927; x_wconf 83' lang='lat' dir='ltr'><strong>levis,</strong></span> <span class='ocrx_word' id='word_1_18' title='bbox 919 845 1010 938; x_wconf 85' lang='lat' dir='ltr'><strong>quia</strong></span> <span class='ocrx_word' id='word_1_19' title='bbox 1032 865 1115 916; x_wconf 89' lang='lat' dir='ltr'><strong>non</strong></span> <span class='ocrx_word' id='word_1_20' title='bbox 1135 853 1337 943; x_wconf 88' lang='lat' dir='ltr'><strong>praecepta</strong></span> <span class='ocrx_word' id='word_1_21' title='bbox 1364 843 1580 928; x_wconf 65' lang='lat' dir='ltr'><strong>tironibus</strong></span> <span class='ocrx_word' id='word_1_22' title='bbox 1607 842 1671 918; x_wconf 91' lang='lat' dir='ltr'><strong>sed</strong></span> <span class='ocrx_word' id='word_1_23' title='bbox 1688 843 1831 941; x_wconf 89' lang='lat' dir='ltr'><strong>peritis</strong></span> <span class='ocrx_word' id='word_1_24' title='bbox 1852 843 1891 914; x_wconf 92' lang='lat' dir='ltr'><strong>in</strong></span> <span class='ocrx_word' id='word_1_25' title='bbox 1912 852 1999 918; x_wconf 87' lang='lat' dir='ltr'><strong>arte</strong></span> <span class='ocrx_word' id='word_1_26' title='bbox 2018 851 2201 948; x_wconf 86' lang='lat' dir='ltr'><strong>carpolo.</strong></span> 
     </span>
     <span class='ocr_line' id='line_1_4' title="bbox 495 997 2201 1097; baseline 0.005 -22"><span class='ocrx_word' id='word_1_27' title='bbox 495 1005 602 1097; x_wconf 83' lang='lat' dir='ltr'><strong>gicas</strong></span> <span class='ocrx_word' id='word_1_28' title='bbox 615 1009 770 1076; x_wconf 88' lang='lat' dir='ltr'><strong>tantum</strong></span> <span class='ocrx_word' id='word_1_29' title='bbox 795 999 954 1074; x_wconf 79' lang='lat' dir='ltr'>tradere</span> <span class='ocrx_word' id='word_1_30' title='bbox 972 998 1179 1075; x_wconf 90' lang='lat' dir='ltr'><strong>voluimus</strong></span> <span class='ocrx_word' id='word_1_31' title='bbox 1202 999 1523 1082; x_wconf 86' lang='lat' dir='ltr'><strong>observationes,</strong></span> <span class='ocrx_word' id='word_1_32' title='bbox 1554 1017 1654 1092; x_wconf 90' lang='lat' dir='ltr'><strong>quas</strong></span> <span class='ocrx_word' id='word_1_33' title='bbox 1677 997 1757 1083; x_wconf 85' lang='lat' dir='ltr'><strong>suis</strong></span> <span class='ocrx_word' id='word_1_34' title='bbox 1777 1000 1947 1093; x_wconf 90' lang='lat' dir='ltr'><strong>quisque</strong></span> <span class='ocrx_word' id='word_1_35' title='bbox 1967 1000 2067 1076; x_wconf 90' lang='lat' dir='ltr'><strong>locis</strong></span> <span class='ocrx_word' id='word_1_36' title='bbox 2085 1004 2201 1083; x_wconf 86' lang='lat' dir='ltr'><strong>facile</strong></span> 
     </span>
     <span class='ocr_line' id='line_1_5' title="bbox 495 1151 2199 1258; baseline -0.002 -29"><span class='ocrx_word' id='word_1_37' title='bbox 495 1158 651 1234; x_wconf 87' lang='lat' dir='ltr'><strong>inseret.</strong></span> <span class='ocrx_word' id='word_1_38' title='bbox 704 1153 969 1231; x_wconf 73' lang='lat' dir='ltr'><strong>Charatteres</strong></span> <span class='ocrx_word' id='word_1_39' title='bbox 982 1151 1183 1229; x_wconf 77' lang='lat' dir='ltr'><strong>fruttuum</strong></span> <span class='ocrx_word' id='word_1_40' title='bbox 1198 1151 1377 1229; x_wconf 88' lang='lat' dir='ltr'><strong>dedimus</strong></span> <span class='ocrx_word' id='word_1_41' title='bbox 1394 1155 1537 1252; x_wconf 90' lang='lat' dir='ltr'><strong>plenos</strong></span> <span class='ocrx_word' id='word_1_42' title='bbox 1560 1153 1600 1227; x_wconf 75' lang='grc' dir='ltr'><strong>δι</strong></span> <span class='ocrx_word' id='word_1_43' title='bbox 1619 1153 1666 1226; x_wconf 83' lang='lat' dir='ltr'><strong>ad</strong></span> <span class='ocrx_word' id='word_1_44' title='bbox 1686 1153 1889 1229; x_wconf 91' lang='lat' dir='ltr'><strong>definitam</strong></span> <span class='ocrx_word' id='word_1_45' title='bbox 1904 1157 2099 1249; x_wconf 78' lang='lat' dir='ltr'><strong>quandam</strong></span> <span class='ocrx_word' id='word_1_46' title='bbox 2114 1160 2199 1258; x_wconf 88' lang='lat' dir='ltr'><strong>spe.</strong></span> 
     </span>
     <span class='ocr_line' id='line_1_6' title="bbox 493 1307 2197 1405; baseline 0.004 -20"><span class='ocrx_word' id='word_1_47' title='bbox 493 1314 593 1386; x_wconf 88' lang='lat' dir='ltr'><strong>ciem</strong></span> <span class='ocrx_word' id='word_1_48' title='bbox 610 1319 821 1395; x_wconf 86' lang='lat' dir='ltr'><strong>exaratos,</strong></span> <span class='ocrx_word' id='word_1_49' title='bbox 849 1332 930 1405; x_wconf 91' lang='lat' dir='ltr'><strong>quo</strong></span> <span class='ocrx_word' id='word_1_50' title='bbox 950 1309 1104 1383; x_wconf 86' lang='lat' dir='ltr'><strong>facilius</strong></span> <span class='ocrx_word' id='word_1_51' title='bbox 1122 1307 1360 1384; x_wconf 87' lang='lat' dir='ltr'><strong>differentiae</strong></span> <span class='ocrx_word' id='word_1_52' title='bbox 1375 1311 1414 1381; x_wconf 92' lang='lat' dir='ltr'><strong>in</strong></span> <span class='ocrx_word' id='word_1_53' title='bbox 1428 1310 1515 1383; x_wconf 90' lang='lat' dir='ltr'><strong>aliis</strong></span> <span class='ocrx_word' id='word_1_54' title='bbox 1532 1310 1662 1383; x_wconf 89' lang='lat' dir='ltr'><strong>notari</strong></span> <span class='ocrx_word' id='word_1_55' title='bbox 1676 1320 1850 1403; x_wconf 87' lang='lat' dir='ltr'><strong>queant;</strong></span> <span class='ocrx_word' id='word_1_56' title='bbox 1874 1308 1939 1385; x_wconf 87' lang='lat' dir='ltr'><strong>sed</strong></span> <span class='ocrx_word' id='word_1_57' title='bbox 1951 1333 2027 1386; x_wconf 90' lang='lat' dir='ltr'><strong>nec</strong></span> <span class='ocrx_word' id='word_1_58' title='bbox 2046 1315 2197 1392; x_wconf 90' lang='lat' dir='ltr'><strong>incom-</strong></span> 
     </span>
     <span class='ocr_line' id='line_1_7' title="bbox 490 1460 2196 1566; baseline 0.002 -24"><span class='ocrx_word' id='word_1_59' title='bbox 490 1465 623 1565; x_wconf 86' lang='lat' dir='ltr'><strong>pletos</strong></span> <span class='ocrx_word' id='word_1_60' title='bbox 648 1466 803 1543; x_wconf 71' lang='lat' dir='ltr'><strong>fruitus</strong></span> <span class='ocrx_word' id='word_1_61' title='bbox 825 1467 943 1566; x_wconf 89' lang='lat' dir='ltr'><strong>plane</strong></span> <span class='ocrx_word' id='word_1_62' title='bbox 966 1460 1218 1565; x_wconf 79' lang='lat' dir='ltr'><strong>respuimus,</strong></span> <span class='ocrx_word' id='word_1_63' title='bbox 1243 1465 1402 1560; x_wconf 89' lang='lat' dir='ltr'><strong>quando</strong></span> <span class='ocrx_word' id='word_1_64' title='bbox 1426 1486 1573 1565; x_wconf 85' lang='lat' dir='ltr'>nempe</span> <span class='ocrx_word' id='word_1_65' title='bbox 1591 1465 1776 1564; x_wconf 82' lang='lat' dir='ltr'><strong>plurimis</strong></span> <span class='ocrx_word' id='word_1_66' title='bbox 1800 1466 1879 1540; x_wconf 90' lang='lat' dir='ltr'><strong>suis</strong></span> <span class='ocrx_word' id='word_1_67' title='bbox 1896 1465 2076 1563; x_wconf 85' lang='lat' dir='ltr'><strong>partibus</strong></span> <span class='ocrx_word' id='word_1_68' title='bbox 2095 1470 2196 1546; x_wconf 89' lang='lat' dir='ltr'><strong>inte·</strong></span> 
     </span>
     <span class='ocr_line' id='line_1_8' title="bbox 490 1619 2194 1721; baseline 0.004 -26"><span class='ocrx_word' id='word_1_69' title='bbox 490 1623 698 1715; x_wconf 81' lang='lat' dir='ltr'><strong>grantibus</strong></span> <span class='ocrx_word' id='word_1_70' title='bbox 710 1625 833 1699; x_wconf 86' lang='lat' dir='ltr'><strong>dotati</strong></span> <span class='ocrx_word' id='word_1_71' title='bbox 847 1622 887 1696; x_wconf 81' lang='lat' dir='ltr'><strong>dc</strong></span> <span class='ocrx_word' id='word_1_72' title='bbox 903 1630 1071 1721; x_wconf 89' lang='lat' dir='ltr'><strong>propter</strong></span> <span class='ocrx_word' id='word_1_73' title='bbox 1090 1623 1294 1695; x_wconf 89' lang='lat' dir='ltr'><strong>raritatem</strong></span> <span class='ocrx_word' id='word_1_74' title='bbox 1317 1621 1424 1694; x_wconf 88' lang='lat' dir='ltr'><strong>suam</strong></span> <span class='ocrx_word' id='word_1_75' title='bbox 1439 1622 1637 1698; x_wconf 87' lang='lat' dir='ltr'><strong>notabiles</strong></span> <span class='ocrx_word' id='word_1_76' title='bbox 1651 1633 1777 1702; x_wconf 88' lang='lat' dir='ltr'><strong>eraut.</strong></span> <span class='ocrx_word' id='word_1_77' title='bbox 1829 1619 1972 1696; x_wconf 85' lang='lat' dir='ltr'><strong>leones</strong></span> <span class='ocrx_word' id='word_1_78' title='bbox 1987 1644 2128 1700; x_wconf 87' lang='lat' dir='ltr'><strong>omnes</strong></span> <span class='ocrx_word' id='word_1_79' title='bbox 2146 1626 2194 1701; x_wconf 89' lang='lat' dir='ltr'><strong>ad</strong></span> 
     </span>
     <span class='ocr_line' id='line_1_9' title="bbox 487 1777 2193 1877; baseline 0.002 -25"><span class='ocrx_word' id='word_1_80' title='bbox 487 1788 673 1853; x_wconf 87' lang='lat' dir='ltr'><strong>naturam</strong></span> <span class='ocrx_word' id='word_1_81' title='bbox 687 1780 805 1877; x_wconf 82' lang='lat' dir='ltr'><strong>ipsam</strong></span> <span class='ocrx_word' id='word_1_82' title='bbox 824 1780 989 1877; x_wconf 89' lang='lat' dir='ltr'><strong>propria</strong></span> <span class='ocrx_word' id='word_1_83' title='bbox 1002 1796 1122 1850; x_wconf 86' lang='lat' dir='ltr'><strong>manu</strong></span> <span class='ocrx_word' id='word_1_84' title='bbox 1140 1779 1193 1851; x_wconf 84' lang='lat' dir='ltr'><strong>ita</strong></span> <span class='ocrx_word' id='word_1_85' title='bbox 1206 1780 1484 1862; x_wconf 58' lang='lat' dir='ltr'><strong>exaravimus</strong></span> <span class='ocrx_word' id='word_1_86' title='bbox 1513 1787 1580 1863; x_wconf 86' lang='lat' dir='ltr'><strong>ut,</strong></span> <span class='ocrx_word' id='word_1_87' title='bbox 1607 1802 1699 1874; x_wconf 84' lang='lat' dir='ltr'><strong>quae</strong></span> <span class='ocrx_word' id='word_1_88' title='bbox 1720 1778 1943 1855; x_wconf 83' lang='lat' dir='ltr'><strong>minoribus</strong></span> <span class='ocrx_word' id='word_1_89' title='bbox 1963 1777 2109 1856; x_wconf 89' lang='lat' dir='ltr'><strong>litteris</strong></span> <span class='ocrx_word' id='word_1_90' title='bbox 2125 1804 2193 1855; x_wconf 88' lang='lat' dir='ltr'><strong>ro-</strong></span> 
     </span>
     <span class='ocr_line' id='line_1_10' title="bbox 486 1890 2193 2033; baseline 0.001 -26"><span class='ocrx_word' id='word_1_91' title='bbox 486 1936 615 2008; x_wconf 89' lang='lat' dir='ltr'><strong>manis</strong></span> <span class='ocrx_word' id='word_1_92' title='bbox 636 1941 787 2009; x_wconf 78' lang='lat' dir='ltr'><strong>notatae</strong></span> <span class='ocrx_word' id='word_1_93' title='bbox 808 1937 920 2019; x_wconf 90' lang='lat' dir='ltr'><strong>sunt,</strong></span> <span class='ocrx_word' id='word_1_94' title='bbox 946 1932 1188 2009; x_wconf 72' lang='lat' dir='ltr'><strong>exactissime</strong></span> <span class='ocrx_word' id='word_1_95' title='bbox 1217 1932 1440 2006; x_wconf 80' lang='lat' dir='ltr'><strong>naturalem</strong></span> <span class='ocrx_word' id='word_1_96' title='bbox 1469 1890 2016 2031; x_wconf 81' lang='lat' dir='ltr'><strong>fructuummagnitudinem</strong></span> <span class='ocrx_word' id='word_1_97' title='bbox 2042 1957 2193 2033; x_wconf 86' lang='lat' dir='ltr'><strong>reprae-</strong></span> 
     </span>
     <span class='ocr_line' id='line_1_11' title="bbox 484 2085 2191 2186; baseline 0.001 -23"><span class='ocrx_word' id='word_1_98' title='bbox 484 2090 663 2174; x_wconf 77' lang='lat' dir='ltr'><strong>sentent3</strong></span> <span class='ocrx_word' id='word_1_99' title='bbox 691 2112 783 2184; x_wconf 84' lang='lat' dir='ltr'><strong>quae</strong></span> <span class='ocrx_word' id='word_1_100' title='bbox 795 2097 929 2166; x_wconf 88' lang='lat' dir='ltr'><strong>autem</strong></span> <span class='ocrx_word' id='word_1_101' title='bbox 944 2085 1161 2186; x_wconf 90' lang='lat' dir='ltr'><strong>majoribus</strong></span> <span class='ocrx_word' id='word_1_102' title='bbox 1174 2088 1457 2172; x_wconf 90' lang='lat' dir='ltr'><strong>inscribuntur,</strong></span> <span class='ocrx_word' id='word_1_103' title='bbox 1481 2086 1685 2164; x_wconf 90' lang='lat' dir='ltr'><strong>modulum</strong></span> <span class='ocrx_word' id='word_1_104' title='bbox 1700 2109 1862 2186; x_wconf 90' lang='lat' dir='ltr'><strong>quoque</strong></span> <span class='ocrx_word' id='word_1_105' title='bbox 1875 2090 2097 2165; x_wconf 83' lang='lat' dir='ltr'><strong>naturalem</strong></span> <span class='ocrx_word' id='word_1_106' title='bbox 2117 2114 2191 2165; x_wconf 86' lang='lat' dir='ltr'><strong>ex·</strong></span> 
     </span>
     <span class='ocr_line' id='line_1_12' title="bbox 484 2238 2193 2342; baseline 0.003 -24"><span class='ocrx_word' id='word_1_107' title='bbox 484 2243 679 2318; x_wconf 89' lang='lat' dir='ltr'><strong>cedant&amp;</strong></span> <span class='ocrx_word' id='word_1_108' title='bbox 695 2254 832 2342; x_wconf 85' lang='lat' dir='ltr'><strong>partes</strong></span> <span class='ocrx_word' id='word_1_109' title='bbox 848 2246 1017 2321; x_wconf 82' lang='lat' dir='ltr'><strong>reddant</strong></span> <span class='ocrx_word' id='word_1_110' title='bbox 1036 2249 1084 2323; x_wconf 89' lang='lat' dir='ltr'><strong>ad</strong></span> <span class='ocrx_word' id='word_1_111' title='bbox 1104 2245 1407 2342; x_wconf 88' lang='lat' dir='ltr'><strong>microscopium</strong></span> <span class='ocrx_word' id='word_1_112' title='bbox 1430 2255 1584 2331; x_wconf 82' lang='lat' dir='ltr'><strong>auctas3</strong></span> <span class='ocrx_word' id='word_1_113' title='bbox 1610 2246 1780 2341; x_wconf 83' lang='lat' dir='ltr'><strong>denique</strong></span> <span class='ocrx_word' id='word_1_114' title='bbox 1801 2268 1894 2340; x_wconf 83' lang='lat' dir='ltr'><strong>quae</strong></span> <span class='ocrx_word' id='word_1_115' title='bbox 1914 2252 2057 2341; x_wconf 81' lang='lat' dir='ltr'><strong>graecis</strong></span> <span class='ocrx_word' id='word_1_116' title='bbox 2082 2238 2193 2323; x_wconf 71' lang='lat' dir='ltr'><strong>litte·v</strong></span> 
     </span>
     <span class='ocr_line' id='line_1_13' title="bbox 482 2399 2189 2500; baseline 0.002 -27"><span class='ocrx_word' id='word_1_117' title='bbox 482 2403 540 2475; x_wconf 85' lang='lat' dir='ltr'><strong>ris</strong></span> <span class='ocrx_word' id='word_1_118' title='bbox 563 2399 853 2493; x_wconf 84' lang='lat' dir='ltr'><strong>infigniuntur,</strong></span> <span class='ocrx_word' id='word_1_119' title='bbox 884 2399 1042 2476; x_wconf 88' lang='lat' dir='ltr'><strong>fructus</strong></span> <span class='ocrx_word' id='word_1_120' title='bbox 1063 2401 1197 2477; x_wconf 81' lang='lat' dir='ltr'><strong>sistant</strong></span> <span class='ocrx_word' id='word_1_121' title='bbox 1221 2401 1394 2475; x_wconf 90' lang='lat' dir='ltr'><strong>naturali</strong></span> <span class='ocrx_word' id='word_1_122' title='bbox 1426 2399 1699 2496; x_wconf 82' lang='lat' dir='ltr'><strong>magnitudine</strong></span> <span class='ocrx_word' id='word_1_123' title='bbox 1727 2404 1928 2487; x_wconf 87' lang='lat' dir='ltr'><strong>minores,</strong></span> <span class='ocrx_word' id='word_1_124' title='bbox 1955 2414 2025 2476; x_wconf 91' lang='lat' dir='ltr'><strong>aut</strong></span> <span class='ocrx_word' id='word_1_125' title='bbox 2052 2410 2189 2500; x_wconf 89' lang='lat' dir='ltr'><strong>partes</strong></span> 
     </span>
     <span class='ocr_line' id='line_1_14' title="bbox 482 2552 2188 2656; baseline 0.005 -29"><span class='ocrx_word' id='word_1_126' title='bbox 482 2555 695 2648; x_wconf 84' lang='lat' dir='ltr'><strong>indigitent</strong></span> <span class='ocrx_word' id='word_1_127' title='bbox 717 2563 859 2629; x_wconf 85' lang='lat' dir='ltr'><strong>notatu</strong></span> <span class='ocrx_word' id='word_1_128' title='bbox 886 2556 1070 2653; x_wconf 90' lang='lat' dir='ltr'><strong>inprimis</strong></span> <span class='ocrx_word' id='word_1_129' title='bbox 1095 2556 1245 2650; x_wconf 80' lang='lat' dir='ltr'><strong>dignas.</strong></span> <span class='ocrx_word' id='word_1_130' title='bbox 1296 2552 1461 2651; x_wconf 87' lang='lat' dir='ltr'><strong>Species</strong></span> <span class='ocrx_word' id='word_1_131' title='bbox 1491 2557 1761 2634; x_wconf 88' lang='lat' dir='ltr'><strong>recensuimus</strong></span> <span class='ocrx_word' id='word_1_132' title='bbox 1790 2579 1953 2656; x_wconf 84' lang='lat' dir='ltr'><strong>paucas,</strong></span> <span class='ocrx_word' id='word_1_133' title='bbox 1968 2578 2053 2633; x_wconf 60' lang='lat' dir='ltr'><strong>&#39;nec</strong></span> <span class='ocrx_word' id='word_1_134' title='bbox 2074 2559 2188 2635; x_wconf 91' lang='lat' dir='ltr'><strong>sacile</strong></span> 
     </span>
     <span class='ocr_line' id='line_1_15' title="bbox 481 2711 2253 2821; baseline 0.003 -36"><span class='ocrx_word' id='word_1_135' title='bbox 481 2712 597 2796; x_wconf 78' lang='lat' dir='ltr'><strong>alias,</strong></span> <span class='ocrx_word' id='word_1_136' title='bbox 622 2732 742 2806; x_wconf 81' lang='lat' dir='ltr'><strong>quarn</strong></span> <span class='ocrx_word' id='word_1_137' title='bbox 761 2714 962 2795; x_wconf 87' lang='lat' dir='ltr'><strong>exoticas,</strong></span> <span class='ocrx_word' id='word_1_138' title='bbox 987 2711 1056 2787; x_wconf 90' lang='lat' dir='ltr'><strong>vel</strong></span> <span class='ocrx_word' id='word_1_139' title='bbox 1074 2713 1265 2809; x_wconf 84' lang='lat' dir='ltr'><strong>peculiari</strong></span> <span class='ocrx_word' id='word_1_140' title='bbox 1284 2711 1452 2806; x_wconf 88' lang='lat' dir='ltr'><strong>quadam</strong></span> <span class='ocrx_word' id='word_1_141' title='bbox 1468 2711 1613 2787; x_wconf 84' lang='lat' dir='ltr'><strong>fabrica</strong></span> <span class='ocrx_word' id='word_1_142' title='bbox 1631 2715 1921 2790; x_wconf 83' lang='lat' dir='ltr'><strong>memorabiles.</strong></span> <span class='ocrx_word' id='word_1_143' title='bbox 1972 2714 2036 2789; x_wconf 94' lang='lat' dir='ltr'><strong>De</strong></span> <span class='ocrx_word' id='word_1_144' title='bbox 2058 2715 2187 2791; x_wconf 91' lang='lat' dir='ltr'><strong>dubiis</strong></span> <span class='ocrx_word' id='word_1_145' title='bbox 2250 2816 2253 2821; x_wconf 22' lang='grc' dir='ltr'>Ι</span> 
     </span>
     <span class='ocr_line' id='line_1_16' title="bbox 480 2864 2186 2969; baseline 0.002 -26"><span class='ocrx_word' id='word_1_146' title='bbox 480 2870 599 2943; x_wconf 88' lang='lat' dir='ltr'><strong>etiam</strong></span> <span class='ocrx_word' id='word_1_147' title='bbox 633 2866 839 2969; x_wconf 84' lang='lat' dir='ltr'><strong>nonnullis</strong></span> <span class='ocrx_word' id='word_1_148' title='bbox 863 2864 1062 2941; x_wconf 82' lang='lat' dir='ltr'><strong>fructibus</strong></span> <span class='ocrx_word' id='word_1_149' title='bbox 1089 2867 1321 2941; x_wconf 87' lang='lat' dir='ltr'><strong>monuimus</strong></span> <span class='ocrx_word' id='word_1_150' title='bbox 1349 2866 1443 2965; x_wconf 84' lang='lat' dir='ltr'><strong>ipsi,</strong></span> <span class='ocrx_word' id='word_1_151' title='bbox 1482 2878 1529 2942; x_wconf 90' lang='lat' dir='ltr'><strong>ut</strong></span> <span class='ocrx_word' id='word_1_152' title='bbox 1555 2867 1603 2945; x_wconf 90' lang='lat' dir='ltr'><strong>de</strong></span> <span class='ocrx_word' id='word_1_153' title='bbox 1629 2866 1891 2965; x_wconf 79' lang='lat' dir='ltr'><strong>Flagellarla,</strong></span> <span class='ocrx_word' id='word_1_154' title='bbox 1936 2869 2186 2961; x_wconf 82' lang='lat' dir='ltr'><strong>lVlullaenda,</strong></span> 
     </span>
     <span class='ocr_line' id='line_1_17' title="bbox 477 3021 2184 3137; baseline 0.001 -40"><span class='ocrx_word' id='word_1_155' title='bbox 477 3022 623 3123; x_wconf 79' lang='lat' dir='ltr'><strong>Jungia</strong></span> <span class='ocrx_word' id='word_1_156' title='bbox 632 3023 717 3109; x_wconf 68' lang='grc' dir='ltr'><strong>ὄιος</strong></span> <span class='ocrx_word' id='word_1_157' title='bbox 744 3021 937 3118; x_wconf 83' lang='lat' dir='ltr'><strong>quosdam</strong></span> <span class='ocrx_word' id='word_1_158' title='bbox 955 3038 1059 3097; x_wconf 83' lang='lat' dir='ltr'><strong>vero</strong></span> <span class='ocrx_word' id='word_1_159' title='bbox 1077 3021 1197 3109; x_wconf 88' lang='lat' dir='ltr'><strong>alios,</strong></span> <span class='ocrx_word' id='word_1_160' title='bbox 1213 3025 1261 3099; x_wconf 83' lang='lat' dir='ltr'><strong>ab</strong></span> <span class='ocrx_word' id='word_1_161' title='bbox 1274 3024 1410 3100; x_wconf 82' lang='lat' dir='ltr'><strong>amicis</strong></span> <span class='ocrx_word' id='word_1_162' title='bbox 1426 3025 1586 3108; x_wconf 80' lang='lat' dir='ltr'><strong>moniti,</strong></span> <span class='ocrx_word' id='word_1_163' title='bbox 1605 3024 1654 3099; x_wconf 85' lang='lat' dir='ltr'><strong>ad</strong></span> <span class='ocrx_word' id='word_1_164' title='bbox 1668 3031 1839 3102; x_wconf 86' lang='lat' dir='ltr'><strong>certiora</strong></span> <span class='ocrx_word' id='word_1_165' title='bbox 1853 3049 2002 3124; x_wconf 78' lang='lat' dir='ltr'><strong>genera</strong></span> <span class='ocrx_word' id='word_1_166' title='bbox 2017 3026 2184 3137; x_wconf 61' lang='lat' dir='ltr'><strong>redupl-</strong></span> 
     </span>
     <span class='ocr_line' id='line_1_18' title="bbox 476 3140 2182 3275; baseline 0.001 -19"><span class='ocrx_word' id='word_1_167' title='bbox 476 3201 591 3264; x_wconf 89' lang='lat' dir='ltr'><strong>mus,</strong></span> <span class='ocrx_word' id='word_1_168' title='bbox 616 3189 663 3254; x_wconf 90' lang='lat' dir='ltr'><strong>ut</strong></span> <span class='ocrx_word' id='word_1_169' title='bbox 680 3178 885 3257; x_wconf 85' lang='lat' dir='ltr'><strong>Otillidcm</strong></span> <span class='ocrx_word' id='word_1_170' title='bbox 904 3156 1027 3274; x_wconf 86' lang='lat' dir='ltr'><strong>atque</strong></span> <span class='ocrx_word' id='word_1_171' title='bbox 1047 3176 1271 3267; x_wconf 78' lang='lat' dir='ltr'><strong>Ceriscum3</strong></span> <span class='ocrx_word' id='word_1_172' title='bbox 1296 3180 1336 3255; x_wconf 75' lang='lat' dir='ltr'><strong>dc</strong></span> <span class='ocrx_word' id='word_1_173' title='bbox 1357 3180 1421 3254; x_wconf 89' lang='lat' dir='ltr'><strong>his</strong></span> <span class='ocrx_word' id='word_1_174' title='bbox 1436 3199 1598 3275; x_wconf 84' lang='lat' dir='ltr'><strong>quoque</strong></span> <span class='ocrx_word' id='word_1_175' title='bbox 1611 3203 1718 3257; x_wconf 89' lang='lat' dir='ltr'><strong>nunc</strong></span> <span class='ocrx_word' id='word_1_176' title='bbox 1736 3184 1958 3259; x_wconf 88' lang='lat' dir='ltr'><strong>addendum</strong></span> <span class='ocrx_word' id='word_1_177' title='bbox 1978 3180 2036 3256; x_wconf 91' lang='lat' dir='ltr'><strong>est</strong></span> <span class='ocrx_word' id='word_1_178' title='bbox 2054 3140 2182 3257; x_wconf 75' lang='lat' dir='ltr'><strong>Toxi-</strong></span> 
     </span>
     <span class='ocr_line' id='line_1_19' title="bbox 476 3330 2182 3432; baseline 0.002 -23"><span class='ocrx_word' id='word_1_179' title='bbox 476 3334 721 3411; x_wconf 88' lang='lat' dir='ltr'><strong>codendrum</strong></span> <span class='ocrx_word' id='word_1_180' title='bbox 733 3330 864 3419; x_wconf 80' lang='lat' dir='ltr'><strong>Cobbe,</strong></span> <span class='ocrx_word' id='word_1_181' title='bbox 889 3334 1014 3430; x_wconf 84' lang='lat' dir='ltr'><strong>quod,</strong></span> <span class='ocrx_word' id='word_1_182' title='bbox 1038 3346 1230 3412; x_wconf 87' lang='lat' dir='ltr'><strong>monente</strong></span> <span class='ocrx_word' id='word_1_183' title='bbox 1245 3330 1519 3420; x_wconf 70' lang='lat' dir='ltr'><strong>Serranam,</strong></span> <span class='ocrx_word' id='word_1_184' title='bbox 1548 3336 1596 3411; x_wconf 87' lang='lat' dir='ltr'><strong>ad</strong></span> <span class='ocrx_word' id='word_1_185' title='bbox 1619 3333 1870 3413; x_wconf 80' lang='lat' dir='ltr'><strong>Schmideliae</strong></span> <span class='ocrx_word' id='word_1_186' title='bbox 1889 3358 2019 3432; x_wconf 80' lang='lat' dir='ltr'><strong>genus</strong></span> <span class='ocrx_word' id='word_1_187' title='bbox 2034 3337 2182 3414; x_wconf 84' lang='lat' dir='ltr'><strong>referri</strong></span> 
     </span>
     <span class='ocr_line' id='line_1_20' title="bbox 475 3488 2180 3589; baseline 0 -23"><span class='ocrx_word' id='word_1_188' title='bbox 475 3492 606 3566; x_wconf 84' lang='lat' dir='ltr'><strong>debet.</strong></span> <span class='ocrx_word' id='word_1_189' title='bbox 652 3488 864 3586; x_wconf 87' lang='lat' dir='ltr'><strong>Reliquas,</strong></span> <span class='ocrx_word' id='word_1_190' title='bbox 899 3510 991 3584; x_wconf 81' lang='lat' dir='ltr'><strong>quae</strong></span> <span class='ocrx_word' id='word_1_191' title='bbox 1009 3490 1140 3566; x_wconf 79' lang='lat' dir='ltr'><strong>forsan</strong></span> <span class='ocrx_word' id='word_1_192' title='bbox 1159 3490 1287 3566; x_wconf 87' lang='lat' dir='ltr'><strong>adhuc</strong></span> <span class='ocrx_word' id='word_1_193' title='bbox 1310 3491 1521 3589; x_wconf 90' lang='lat' dir='ltr'><strong>supersunt</strong></span> <span class='ocrx_word' id='word_1_194' title='bbox 1539 3492 1858 3579; x_wconf 86' lang='lat' dir='ltr'><strong>emendationes,</strong></span> <span class='ocrx_word' id='word_1_195' title='bbox 1893 3493 2101 3579; x_wconf 87' lang='lat' dir='ltr'><strong>admoniti,</strong></span> <span class='ocrx_word' id='word_1_196' title='bbox 2137 3497 2180 3567; x_wconf 89' lang='lat' dir='ltr'><strong>in</strong></span> 
     </span>
     <span class='ocr_line' id='line_1_21' title="bbox 472 3606 2177 3747; baseline 0.001 -25"><span class='ocrx_word' id='word_1_197' title='bbox 472 3649 667 3747; x_wconf 85' lang='lat' dir='ltr'><strong>proximo</strong></span> <span class='ocrx_word' id='word_1_198' title='bbox 683 3606 940 3722; x_wconf 82' lang='lat' dir='ltr'><strong>indicabimus</strong></span> <span class='ocrx_word' id='word_1_199' title='bbox 954 3647 1179 3731; x_wconf 86' lang='lat' dir='ltr'><strong>volumine,</strong></span> <span class='ocrx_word' id='word_1_200' title='bbox 1203 3646 1312 3742; x_wconf 84' lang='lat' dir='ltr'><strong>quod</strong></span> <span class='ocrx_word' id='word_1_201' title='bbox 1331 3646 1491 3733; x_wconf 86' lang='lat' dir='ltr'><strong>eodem,</strong></span> <span class='ocrx_word' id='word_1_202' title='bbox 1516 3651 1577 3723; x_wconf 85' lang='lat' dir='ltr'><strong>uti</strong></span> <span class='ocrx_word' id='word_1_203' title='bbox 1600 3650 1794 3747; x_wconf 84' lang='lat' dir='ltr'><strong>praesens,</strong></span> <span class='ocrx_word' id='word_1_204' title='bbox 1820 3670 2017 3743; x_wconf 82' lang='lat' dir='ltr'><strong>generum</strong></span> <span class='ocrx_word' id='word_1_205' title='bbox 2034 3670 2177 3723; x_wconf 89' lang='lat' dir='ltr'><strong>nume-</strong></span> 
     </span>
     <span class='ocr_line' id='line_1_22' title="bbox 472 3803 2177 3903; baseline 0.001 -26"><span class='ocrx_word' id='word_1_206' title='bbox 472 3829 522 3879; x_wconf 81' lang='lat' dir='ltr'><strong>ru</strong></span> <span class='ocrx_word' id='word_1_207' title='bbox 543 3803 754 3903; x_wconf 80' lang='lat' dir='ltr'><strong>stipatum,</strong></span> <span class='ocrx_word' id='word_1_208' title='bbox 777 3805 932 3900; x_wconf 81' lang='lat' dir='ltr'><strong>absque</strong></span> <span class='ocrx_word' id='word_1_209' title='bbox 952 3825 1068 3878; x_wconf 77' lang='lat' dir='ltr'><strong>mora</strong></span> <span class='ocrx_word' id='word_1_210' title='bbox 1087 3806 1129 3878; x_wconf 90' lang='lat' dir='ltr'><strong>in</strong></span> <span class='ocrx_word' id='word_1_211' title='bbox 1146 3803 1276 3878; x_wconf 85' lang='lat' dir='ltr'><strong>lucem</strong></span> <span class='ocrx_word' id='word_1_212' title='bbox 1289 3803 1481 3902; x_wconf 85' lang='lat' dir='ltr'><strong>prodibit,</strong></span> <span class='ocrx_word' id='word_1_213' title='bbox 1507 3805 1574 3879; x_wconf 89' lang='lat' dir='ltr'><strong>ubi</strong></span> <span class='ocrx_word' id='word_1_214' title='bbox 1592 3807 1720 3902; x_wconf 83' lang='lat' dir='ltr'><strong>prima</strong></span> <span class='ocrx_word' id='word_1_215' title='bbox 1735 3803 1822 3878; x_wconf 85' lang='lat' dir='ltr'><strong>haec</strong></span> <span class='ocrx_word' id='word_1_216' title='bbox 1834 3804 1971 3879; x_wconf 85' lang='lat' dir='ltr'><strong>nostra</strong></span> <span class='ocrx_word' id='word_1_217' title='bbox 1990 3807 2177 3880; x_wconf 85' lang='lat' dir='ltr'><strong>tentami-</strong></span> 
     </span>
     <span class='ocr_line' id='line_1_23' title="bbox 471 3957 2103 4085; baseline 0 -49"><span class='ocrx_word' id='word_1_218' title='bbox 471 3961 784 4062; x_wconf 72' lang='lat' dir='ltr'><strong>nacarpologica</strong></span> <span class='ocrx_word' id='word_1_219' title='bbox 794 3963 922 4059; x_wconf 79' lang='lat' dir='ltr'><strong>aequis</strong></span> <span class='ocrx_word' id='word_1_220' title='bbox 934 3959 1080 4040; x_wconf 79' lang='lat' dir='ltr'><strong>lurum</strong></span> <span class='ocrx_word' id='word_1_221' title='bbox 1092 3962 1412 4085; x_wconf 65' lang='lat' dir='ltr'><strong>rerumprbitris</strong></span> <span class='ocrx_word' id='word_1_222' title='bbox 1431 3981 1516 4035; x_wconf 88' lang='lat' dir='ltr'><strong>non</strong></span> <span class='ocrx_word' id='word_1_223' title='bbox 1528 3957 1753 4059; x_wconf 75' lang='lat' dir='ltr'><strong>displicuisse</strong></span> <span class='ocrx_word' id='word_1_224' title='bbox 1765 3959 2103 4045; x_wconf 80' lang='lat' dir='ltr'><strong>intellexerimus,</strong></span> 
     </span>
    </p>
   </div>
   <div class='ocr_carea' id='block_1_4' title="bbox 0 0 2430 6062">
    <p class='ocr_par' dir='ltr' id='par_1_4' title="bbox 0 0 2430 6062">
     <span class='ocr_line' id='line_1_24' title="bbox 0 0 2430 6062; baseline 0 7"><span class='ocrx_word' id='word_1_225' title='bbox 0 0 2430 6062; x_wconf 95' lang='lat' dir='ltr'><strong> </strong></span> 
     </span>
    </p>
   </div>
  </div>
 </body>
</html>
