4878 6064
536 519 714 573 LXXXIV
1230 533 1536 564 ι--ι-ιι

1230 569 1534 590 *Ἦ

535 749 742 823 nunquam
758 726 982 821 stattlenda,
1007 727 1078 802 nili
1095 730 1132 804 id
1146 729 1296 806 summa
1313 744 1454 831 poscat
1474 727 1690 808 necellitas.
1741 728 1855 824 Ergo
1874 731 2016 804 solutio
2032 724 2151 826 hujus
2169 726 2241 806 dif-

537 855 750 942 ficultatis,
773 856 921 955 pendet
935 880 958 930 a
972 859 1255 934 notione'vera
1269 858 1474 954 Pyrenes,
1500 860 1548 934 de
1565 881 1755 954 quamox
1770 858 1872 932 infra
1888 867 2043 952 agetur.

634 1061 747 1142 Situs
769 1066 1127 1142 loculamentorum
1160 1070 1228 1142 vel
1252 1068 1449 1166 iimplex,
1488 1069 1556 1144 vel
1576 1069 1819 1168 compositus
1842 1067 1909 1144 est.
1958 1060 2162 1165 Simplex,
2187 1090 2240 1140 ex

534 1195 653 1268 unico
677 1195 874 1268 duntaxat
900 1194 1214 1268 coordinationis
1240 1196 1437 1293 principio
1457 1195 1563 1294 fluit,
1589 1196 1629 1272 ὃ(
1653 1195 1907 1291 sequentibus
1928 1199 2131 1293 praecipue
2156 1218 2240 1268 mo-

535 1320 596 1395 dis
611 1323 760 1397 variat:

679 1508 868 1608 oppositus,
894 1506 933 1577 in
954 1504 1124 1598 quoduo
1144 1504 1429 1590 loculamenta,
1455 1508 1536 1581 suis
1552 1508 1742 1581 lateribus
1762 1504 1829 1580 fibi
1841 1502 1979 1602 juncta
1999 1504 2114 1579 sunt:
2137 1505 2242 1577 utin

733 1631 946 1707 Veronicis
961 1628 1000 1703 δι
1013 1633 1198 1706 omnibus
1220 1631 1417 1707 fructibus
1435 1634 1717 1707 bilocularibus
1732 1659 1743 1716 3

678 1780 924 1866 craticulatus,
950 1805 1040 1857 cum
1055 1785 1132 1857 tria
1152 1794 1220 1857 aut
1242 1787 1359 1881 plura
1383 1787 1648 1860 loculamenta
1670 1788 1775 1859 inter
1796 1786 1834 1858 se
1860 1783 2077 1858 coadunata
2100 1784 2139 1858 ὅ(
2168 1786 2245 1857 cir-

727 1933 771 1982 ca
790 1931 1002 1983 commune
1029 1922 1211 1984 centrum
1240 1915 1282 1985 in
1309 1915 1467 1986 unicum
1493 1915 1631 1987 orbem
1654 1911 1834 2010 disposita
1854 1912 1970 1985 sunt:
2014 1914 2054 1984 in
2081 1909 2248 2010 Tulipa‚

733 2035 873 2119 Erica,
899 2035 1074 2131 Pyrola,
1109 2037 1319 2131 Hugonia,
1346 2038 1485 2124 Hura3
1534 2072 1537 2076 ·

598 2288 602 2295 ἱ
671 2186 879 2285 parietalis,
912 2189 1070 2283 quando
1092 2190 1357 2277 loculamenta
1379 2191 1427 2263 ab
1451 2193 1519 2263 axi
1540 2190 1695 2265 fructus
1713 2188 1991 2283 remotiffima‚
2027 2190 2121 2264 solis
2146 2184 2239 2281 ejus

731 2316 969 2412 partietibus
983 2317 1243 2390 accumbunt:
1268 2320 1310 2389 in
1333 2314 1510 2400 Halessa,
1536 2313 1717 2401 Nenace,
1749 2315 1958 2415 Papavere
1980 2315 2019 2391 ἃ
2043 2314 2243 2391 Cucurbi-

737 2443 861 2515 taceis
879 2444 1004 2517 variis
1018 2469 1031 2528 ς

680 2591 963 2689 longitudinum,
990 2617 1081 2668 cum
1095 2596 1357 2672 loculamenta
1372 2595 1440 2668 fibi
1461 2603 1604 2669 mutuo
1625 2595 1806 2693 impolita
1822 2596 1861 2671 dc
1882 2594 2094 2669 secundum
2118 2600 2253 2672 totius

743 2720 901 2796 fructus
922 2720 1213 2814 longitudinem
1232 2723 1395 2821 simplici
1414 2722 1512 2796 serie
1533 2721 1679 2816 digesta
1699 2722 1806 2796 sunt:
1833 2725 1873 2795 in
1886 2720 2120 2817 Coronida,
2153 2722 2249 2821 Hy-

732 2869 882 2943 pecoo,
905 2847 1190 2944 Raphanistro;

677 2994 914 3092 irregularis,
945 3000 1102 3092 quando
1123 3000 1386 3076 loculamenta
1427 3003 1675 3096 inaequaliter
1709 3001 1898 3079 subdivisa
1930 3002 2040 3085 sunt,
2090 3025 2170 3076 nec
2202 3001 2252 3077 ad

733 3146 853 3200 axem
881 3125 1038 3201 fructus
1072 3139 1350 3224 convergunt:
1404 3130 1446 3203 in
1480 3128 1736 3223 Muntingia,
1774 3125 1978 3225 Guajava,
2010 3126 2252 3227 Nymphaea

733 3245 835 3326 hatra.

631 3395 888 3500 Compofitus
914 3404 1033 3500 situs,
1058 3429 1113 3480 ex
1133 3367 1293 3480 duobus'
1312 3404 1549 3503 simplicibus
1574 3404 1773 3480 conflatus
1803 3407 2005 3490 censetur,
2036 3417 2086 3482 ut
2112 3418 2252 3483 tamen

532 3528 800 3627 dill'epimenta
822 3534 1095 3626 integerrima,
1122 3554 1195 3607 nec
1218 3555 1292 3631 per
1315 3534 1584 3605 maturitatem
1603 3533 1769 3606 alterata
1791 3555 1835 3605 ac
1851 3534 2093 3631 incompleta
2108 3536 2253 3634 suppo·

480 3686 482 3689 ·
531 3668 699 3741 nantur5
731 3658 861 3751 qualia
883 3661 921 3731 in
940 3657 1150 3754 Martynia
1179 3657 1218 3733 dr
1241 3656 1487 3754 Lychnideis
1508 3658 1739 3752 quibusdam
1770 3658 1986 3743 habentur,
2021 3656 2254 3755 cujusmodi
2362 3688 2367 3700 ’

529 3782 795 3858 loculamenta
814 3788 1162 3867 communicantia,
1190 3794 1237 3857 ut
1250 3784 1289 3858 &
1307 3786 1437 3883 spuria
1454 3787 1588 3858 omnia
1604 3783 1692 3858 heic
1720 3787 1761 3858 in
1777 3786 1935 3859 censum
1955 3807 2040 3860 non
2061 3792 2256 3865 veniunt.

529 3909 717 4008 Emergit
733 3924 867 3987 autem
891 3910 992 3986 litus
1010 3908 1254 4007 compositus
1277 3933 1332 3983 ex

677 4065 922 4143 verticillato
938 4065 1108 4163 duplici,v
1128 4086 1219 4137 cum
1239 4062 1315 4136 scil.
1337 4084 1464 4135 unum
1483 4059 1792 4138 locuIamentum
1815 4075 1929 4139 retro
1949 4066 2128 4155 aiterum
2151 4070 2254 4171 poli-

729 4198 839 4274 mm,
863 4192 1059 4287 duplicem
1083 4189 1392 4264 cavemularum
1418 4187 1556 4261 orbem
1568 4242 1582 4272 ‚.
1614 4192 1717 4262 circa
1751 4214 1962 4265 commune
1986 4206 2182 4272 centrum
2214 4198 2255 4271 ἃ

733 4319 773 4389 in
791 4317 931 4390 eodem
952 4318 1072 4415 plano
1096 4316 1297 4390 describit:
1321 4317 1361 4387 in
1385 4312 1629 4401 Chamaelea,
1656 4316 1855 4417 Sapindo,
1880 4315 2085 4408 Nitraria,
2113 4326 2158 4398 in
2174 4347 2255 4419 qua

729 4442 836 4541 saepe
850 4443 1001 4542 triplex
1015 4443 1074 4517 est
1089 4442 1452 4516 loculamentorum
1470 4442 1597 4526 ordoc

673 4596 916 4671 verticiilato
933 4595 973 4671 dc
991 4595 1268 4690 longitudinali
1291 4593 1430 4669 limul:
1455 4597 1496 4669 in
1517 4593 1713 4683 Tribulo,
1751 4594 1961 4675 Corchoro
1994 4599 2036 4676 &
2062 4599 2255 4682 Grewiis

728 4720 958 4807 nonnulli&

672 4874 853 4975 parietali
869 4885 988 4971 atque
1003 4873 1308 4970 longitudinali:
1340 4875 1382 4952 in
1416 4873 1699 4961 Momordica,
1726 4873 1906 4985 Vareca,
1937 4878 2253 4956 Cucurbitaeeis

728 5003 839 5089 aliis;
1685 5046 1696 5053 ·

2112 5106 2248 5199 iongi-
