<?xml version="1.0" encoding="UTF-8"?>
<!DOCTYPE html PUBLIC "-//W3C//DTD XHTML 1.0 Transitional//EN"
    "http://www.w3.org/TR/xhtml1/DTD/xhtml1-transitional.dtd">
<html xmlns="http://www.w3.org/1999/xhtml" xml:lang="en" lang="en">
 <head>
  <title>
</title>
<meta http-equiv="Content-Type" content="text/html;charset=utf-8" />
  <meta name='ocr-system' content='tesseract 3.04.00' />
  <meta name='ocr-capabilities' content='ocr_page ocr_carea ocr_par ocr_line ocrx_word'/>
</head>
<body>
  <div class='ocr_page' id='page_1' title='image "./defructibusetse00gaergoog_0155.png"; bbox 0 0 4878 6064; ppageno 0'>
   <div class='ocr_carea' id='block_1_1' title="bbox 520 464 1622 525">
    <p class='ocr_par' dir='ltr' id='par_1_1' title="bbox 520 415 1622 525">
     <span class='ocr_line' id='line_1_1' title="bbox 520 464 1622 525; baseline -0.012 0"><span class='ocrx_word' id='word_1_1' title='bbox 520 467 692 525; x_wconf 72' lang='lat' dir='ltr'>CXXXVI</span> <span class='ocrx_word' id='word_1_2' title='bbox 1219 472 1524 513; x_wconf 56' lang='lat' dir='ltr'><strong>m</strong></span> <span class='ocrx_word' id='word_1_3' title='bbox 1613 464 1622 521; x_wconf 64' lang='lat' dir='ltr'><em>j</em></span> 
     </span>
    </p>
   </div>
   <div class='ocr_carea' id='block_1_2' title="bbox 518 668 2218 1667">
    <p class='ocr_par' dir='ltr' id='par_1_2' title="bbox 518 668 2218 1667">
     <span class='ocr_line' id='line_1_2' title="bbox 619 668 2216 779; baseline 0.001 -20"><span class='ocrx_word' id='word_1_4' title='bbox 619 682 868 763; x_wconf 79' lang='lat' dir='ltr'><strong>Erruuurrrs</strong></span> <span class='ocrx_word' id='word_1_5' title='bbox 883 675 941 756; x_wconf 85' lang='lat' dir='ltr'><strong>est</strong></span> <span class='ocrx_word' id='word_1_6' title='bbox 952 668 1386 778; x_wconf 64' lang='lat' dir='ltr'><strong>pellicula&#39;tenuiffima,</strong></span> <span class='ocrx_word' id='word_1_7' title='bbox 1412 690 1543 759; x_wconf 72' lang='lat' dir='ltr'><strong>tobim</strong></span> <span class='ocrx_word' id='word_1_8' title='bbox 1561 674 1777 761; x_wconf 86' lang='lat' dir='ltr'><strong>investiens</strong></span> <span class='ocrx_word' id='word_1_9' title='bbox 1791 683 1939 768; x_wconf 83' lang='lat' dir='ltr'><strong>semen,</strong></span> <span class='ocrx_word' id='word_1_10' title='bbox 1955 688 2216 779; x_wconf 77' lang='lat' dir='ltr'><strong>necunquam</strong></span> 
     </span>
     <span class='ocr_line' id='line_1_3' title="bbox 521 802 2215 913; baseline -0.002 -24"><span class='ocrx_word' id='word_1_11' title='bbox 521 815 662 913; x_wconf 88' lang='lat' dir='ltr'><strong>sponte</strong></span> <span class='ocrx_word' id='word_1_12' title='bbox 679 812 790 885; x_wconf 87' lang='lat' dir='ltr'><strong>abeo</strong></span> <span class='ocrx_word' id='word_1_13' title='bbox 810 802 1008 883; x_wconf 85' lang='lat' dir='ltr'><strong>secedens.</strong></span> <span class='ocrx_word' id='word_1_14' title='bbox 1057 804 1103 880; x_wconf 94' lang='lat' dir='ltr'><strong>In</strong></span> <span class='ocrx_word' id='word_1_15' title='bbox 1128 806 1279 902; x_wconf 79' lang='lat' dir='ltr'><strong>ingenti</strong></span> <span class='ocrx_word' id='word_1_16' title='bbox 1297 809 1488 885; x_wconf 90' lang='lat' dir='ltr'><strong>seminum</strong></span> <span class='ocrx_word' id='word_1_17' title='bbox 1500 831 1670 885; x_wconf 89' lang='lat' dir='ltr'><strong>numero</strong></span> <span class='ocrx_word' id='word_1_18' title='bbox 1682 807 1876 905; x_wconf 86' lang='lat' dir='ltr'><strong>ejusmodi</strong></span> <span class='ocrx_word' id='word_1_19' title='bbox 1891 807 2076 894; x_wconf 80' lang='lat' dir='ltr'><strong>cuticula,</strong></span> <span class='ocrx_word' id='word_1_20' title='bbox 2102 808 2215 886; x_wconf 67' lang='lat' dir='ltr'><strong>testas</strong></span> 
     </span>
     <span class='ocr_line' id='line_1_4' title="bbox 521 930 2216 1039; baseline -0.003 -23"><span class='ocrx_word' id='word_1_21' title='bbox 521 932 796 1039; x_wconf 76' lang='lat' dir='ltr'><strong>superindusta</strong></span> <span class='ocrx_word' id='word_1_22' title='bbox 817 934 1040 1034; x_wconf 87' lang='lat' dir='ltr'><strong>reperitur,</strong></span> <span class='ocrx_word' id='word_1_23' title='bbox 1065 930 1096 1004; x_wconf 86' lang='lat' dir='ltr'><strong>fi</strong></span> <span class='ocrx_word' id='word_1_24' title='bbox 1114 933 1378 1032; x_wconf 85' lang='lat' dir='ltr'><strong>scrupulosius</strong></span> <span class='ocrx_word' id='word_1_25' title='bbox 1395 939 1538 1016; x_wconf 87' lang='lat' dir='ltr'><strong>ineam</strong></span> <span class='ocrx_word' id='word_1_26' title='bbox 1552 935 1785 1030; x_wconf 80' lang='lat' dir='ltr'><strong>inquiritur3</strong></span> <span class='ocrx_word' id='word_1_27' title='bbox 1810 934 1874 1009; x_wconf 90' lang='lat' dir='ltr'><strong>sed</strong></span> <span class='ocrx_word' id='word_1_28' title='bbox 1894 934 1983 1008; x_wconf 91' lang='lat' dir='ltr'><strong>heic</strong></span> <span class='ocrx_word' id='word_1_29' title='bbox 1994 955 2078 1010; x_wconf 92' lang='lat' dir='ltr'><strong>non</strong></span> <span class='ocrx_word' id='word_1_30' title='bbox 2098 935 2216 1011; x_wconf 82' lang='lat' dir='ltr'><strong>aliam</strong></span> 
     </span>
     <span class='ocr_line' id='line_1_5' title="bbox 521 1056 2218 1161; baseline -0.001 -22"><span class='ocrx_word' id='word_1_31' title='bbox 521 1066 735 1147; x_wconf 82' lang='lat' dir='ltr'><strong>volumus.</strong></span> <span class='ocrx_word' id='word_1_32' title='bbox 760 1082 879 1161; x_wconf 82' lang='lat' dir='ltr'><strong>quam</strong></span> <span class='ocrx_word' id='word_1_33' title='bbox 893 1080 984 1154; x_wconf 81' lang='lat' dir='ltr'><strong>quae</strong></span> <span class='ocrx_word' id='word_1_34' title='bbox 997 1056 1046 1133; x_wconf 78' lang='lat' dir='ltr'><strong>su</strong></span> <span class='ocrx_word' id='word_1_35' title='bbox 1060 1056 1176 1133; x_wconf 80' lang='lat' dir='ltr'><strong>facile</strong></span> <span class='ocrx_word' id='word_1_36' title='bbox 1185 1061 1410 1159; x_wconf 83' lang='lat' dir='ltr'><strong>conspicua,</strong></span> <span class='ocrx_word' id='word_1_37' title='bbox 1434 1083 1525 1155; x_wconf 84' lang='lat' dir='ltr'><strong>quae</strong></span> <span class='ocrx_word' id='word_1_38' title='bbox 1541 1059 1672 1135; x_wconf 79' lang='lat' dir='ltr'><strong>cultro</strong></span> <span class='ocrx_word' id='word_1_39' title='bbox 1685 1059 1837 1145; x_wconf 84' lang='lat' dir='ltr'><strong>derasa,</strong></span> <span class='ocrx_word' id='word_1_40' title='bbox 1861 1059 1949 1159; x_wconf 89' lang='lat' dir='ltr'><strong>post</strong></span> <span class='ocrx_word' id='word_1_41' title='bbox 1961 1060 2000 1134; x_wconf 85' lang='lat' dir='ltr'><strong>se</strong></span> <span class='ocrx_word' id='word_1_42' title='bbox 2015 1060 2218 1155; x_wconf 85' lang='lat' dir='ltr'><strong>relinquat·</strong></span> 
     </span>
     <span class='ocr_line' id='line_1_6' title="bbox 519 1162 2214 1285; baseline -0.003 -17"><span class='ocrx_word' id='word_1_43' title='bbox 519 1162 679 1275; x_wconf 79' lang='lat' dir='ltr'><strong>seminis</strong></span> <span class='ocrx_word' id='word_1_44' title='bbox 687 1186 826 1267; x_wconf 83' lang='lat' dir='ltr'><strong>testam</strong></span> <span class='ocrx_word' id='word_1_45' title='bbox 839 1183 1137 1283; x_wconf 77' lang='lat' dir='ltr'><strong>glaberrimam,</strong></span> <span class='ocrx_word' id='word_1_46' title='bbox 1163 1184 1378 1262; x_wconf 84' lang='lat' dir='ltr'><strong>colorabam</strong></span> <span class='ocrx_word' id='word_1_47' title='bbox 1392 1187 1433 1262; x_wconf 72' lang='grc' dir='ltr'><strong>ὅτ</strong></span> <span class='ocrx_word' id='word_1_48' title='bbox 1446 1187 1590 1285; x_wconf 85' lang='lat' dir='ltr'><strong>saepius</strong></span> <span class='ocrx_word' id='word_1_49' title='bbox 1602 1185 1890 1285; x_wconf 75' lang='lat' dir='ltr'>splendentem,</span> <span class='ocrx_word' id='word_1_50' title='bbox 1914 1194 1984 1263; x_wconf 88' lang='lat' dir='ltr'><strong>aut</strong></span> <span class='ocrx_word' id='word_1_51' title='bbox 1996 1188 2113 1261; x_wconf 88' lang='lat' dir='ltr'><strong>etiam</strong></span> <span class='ocrx_word' id='word_1_52' title='bbox 2122 1208 2214 1283; x_wconf 77' lang='lat' dir='ltr'><strong>quae</strong></span> 
     </span>
     <span class='ocr_line' id='line_1_7' title="bbox 519 1310 2213 1419; baseline 0 -30"><span class='ocrx_word' id='word_1_53' title='bbox 519 1338 594 1419; x_wconf 91' lang='lat' dir='ltr'><strong>per</strong></span> <span class='ocrx_word' id='word_1_54' title='bbox 608 1335 750 1409; x_wconf 87' lang='lat' dir='ltr'><strong>aquam</strong></span> <span class='ocrx_word' id='word_1_55' title='bbox 764 1313 944 1399; x_wconf 84' lang='lat' dir='ltr'><strong>emollita</strong></span> <span class='ocrx_word' id='word_1_56' title='bbox 959 1310 1152 1405; x_wconf 82' lang='lat' dir='ltr'><strong>insignem</strong></span> <span class='ocrx_word' id='word_1_57' title='bbox 1168 1314 1208 1385; x_wconf 89' lang='lat' dir='ltr'><strong>in</strong></span> <span class='ocrx_word' id='word_1_58' title='bbox 1223 1312 1386 1387; x_wconf 91' lang='lat' dir='ltr'><strong>modum</strong></span> <span class='ocrx_word' id='word_1_59' title='bbox 1408 1312 1694 1388; x_wconf 81' lang='lat' dir='ltr'><strong>intumescat&amp;</strong></span> <span class='ocrx_word' id='word_1_60' title='bbox 1707 1314 1948 1411; x_wconf 87' lang='lat' dir='ltr'><strong>peculiarem</strong></span> <span class='ocrx_word' id='word_1_61' title='bbox 1966 1313 2102 1390; x_wconf 87' lang='lat' dir='ltr'><strong>induat</strong></span> <span class='ocrx_word' id='word_1_62' title='bbox 2116 1336 2213 1390; x_wconf 89' lang='lat' dir='ltr'><strong>con-</strong></span> 
     </span>
     <span class='ocr_line' id='line_1_8' title="bbox 519 1424 2214 1540; baseline 0.001 -23"><span class='ocrx_word' id='word_1_63' title='bbox 519 1440 749 1537; x_wconf 79' lang='lat' dir='ltr'><strong>sistentiam:</strong></span> <span class='ocrx_word' id='word_1_64' title='bbox 774 1433 895 1534; x_wconf 75' lang='lat' dir='ltr'><strong>huius</strong></span> <span class='ocrx_word' id='word_1_65' title='bbox 916 1437 1077 1519; x_wconf 82' lang='lat' dir='ltr'><strong>fabricae</strong></span> <span class='ocrx_word' id='word_1_66' title='bbox 1098 1424 1341 1540; x_wconf 86' lang='lat' dir='ltr'><strong>Epidermis.</strong></span> <span class='ocrx_word' id='word_1_67' title='bbox 1353 1441 1515 1520; x_wconf 86' lang='lat' dir='ltr'><strong>minime</strong></span> <span class='ocrx_word' id='word_1_68' title='bbox 1534 1437 1728 1540; x_wconf 79' lang='lat' dir='ltr'><strong>frequens</strong></span> <span class='ocrx_word' id='word_1_69' title='bbox 1750 1439 1791 1519; x_wconf 72' lang='grc' dir='ltr'><strong>δι</strong></span> <span class='ocrx_word' id='word_1_70' title='bbox 1811 1439 1880 1520; x_wconf 90' lang='lat' dir='ltr'><strong>vel</strong></span> <span class='ocrx_word' id='word_1_71' title='bbox 1896 1441 2214 1526; x_wconf 80' lang='lat' dir='ltr'><strong>membranacea.</strong></span> 
     </span>
     <span class='ocr_line' id='line_1_9' title="bbox 518 1561 965 1667; baseline -0.007 -17"><span class='ocrx_word' id='word_1_72' title='bbox 518 1569 588 1651; x_wconf 77' lang='lat' dir='ltr'><strong>¹vul</strong></span> <span class='ocrx_word' id='word_1_73' title='bbox 601 1561 876 1667; x_wconf 82' lang='lat' dir='ltr'><strong>mucilaginosa</strong></span> <span class='ocrx_word' id='word_1_74' title='bbox 889 1563 965 1654; x_wconf 70' lang='lat' dir='ltr'><strong>ests</strong></span> 
     </span>
    </p>
   </div>
   <div class='ocr_carea' id='block_1_3' title="bbox 426 1774 2291 2264">
    <p class='ocr_par' dir='ltr' id='par_1_3' title="bbox 426 1774 2291 2264">
     <span class='ocr_line' id='line_1_10' title="bbox 616 1774 2216 1880; baseline -0.001 -24"><span class='ocrx_word' id='word_1_75' title='bbox 616 1774 893 1867; x_wconf 77' lang='lat' dir='ltr'><strong>membranacea,</strong></span> <span class='ocrx_word' id='word_1_76' title='bbox 919 1780 1028 1857; x_wconf 86' lang='lat' dir='ltr'><strong>arida</strong></span> <span class='ocrx_word' id='word_1_77' title='bbox 1043 1781 1100 1856; x_wconf 89' lang='lat' dir='ltr'><strong>est</strong></span> <span class='ocrx_word' id='word_1_78' title='bbox 1110 1776 1313 1880; x_wconf 81' lang='lat' dir='ltr'><strong>pellicula,</strong></span> <span class='ocrx_word' id='word_1_79' title='bbox 1337 1798 1430 1876; x_wconf 83' lang='lat' dir='ltr'><strong>quaa</strong></span> <span class='ocrx_word' id='word_1_80' title='bbox 1441 1781 1650 1878; x_wconf 90' lang='lat' dir='ltr'><strong>proprium</strong></span> <span class='ocrx_word' id='word_1_81' title='bbox 1672 1775 1784 1859; x_wconf 87' lang='lat' dir='ltr'><strong>testae</strong></span> <span class='ocrx_word' id='word_1_82' title='bbox 1806 1779 1984 1858; x_wconf 85' lang='lat' dir='ltr'><strong>colorem</strong></span> <span class='ocrx_word' id='word_1_83' title='bbox 2005 1805 2051 1858; x_wconf 86' lang='lat' dir='ltr'><strong>ac</strong></span> <span class='ocrx_word' id='word_1_84' title='bbox 2074 1781 2216 1878; x_wconf 83' lang='lat' dir='ltr'><strong>glabri·</strong></span> 
     </span>
     <span class='ocr_line' id='line_1_11' title="bbox 519 1886 2286 2015; baseline -0.001 -31"><span class='ocrx_word' id='word_1_85' title='bbox 519 1910 617 1984; x_wconf 90' lang='lat' dir='ltr'><strong>tiem</strong></span> <span class='ocrx_word' id='word_1_86' title='bbox 639 1907 826 1996; x_wconf 87' lang='lat' dir='ltr'><strong>occultat,</strong></span> <span class='ocrx_word' id='word_1_87' title='bbox 854 1909 895 1987; x_wconf 69' lang='grc' dir='ltr'><strong>δι</strong></span> <span class='ocrx_word' id='word_1_88' title='bbox 916 1908 1021 1983; x_wconf 87' lang='lat' dir='ltr'><strong>haud</strong></span> <span class='ocrx_word' id='word_1_89' title='bbox 1044 1929 1138 1980; x_wconf 89' lang='lat' dir='ltr'><strong>raro</strong></span> <span class='ocrx_word' id='word_1_90' title='bbox 1161 1906 1291 1991; x_wconf 87' lang='lat' dir='ltr'><strong>villis,</strong></span> <span class='ocrx_word' id='word_1_91' title='bbox 1315 1904 1426 2004; x_wconf 88' lang='lat' dir='ltr'><strong>pilis,</strong></span> <span class='ocrx_word' id='word_1_92' title='bbox 1453 1904 1632 1998; x_wconf 84' lang='lat' dir='ltr'><strong>granulis</strong></span> <span class='ocrx_word' id='word_1_93' title='bbox 1655 1913 1730 2011; x_wconf 82' lang='lat' dir='ltr'><strong>aut</strong></span> <span class='ocrx_word' id='word_1_94' title='bbox 1738 1886 1880 2004; x_wconf 75' lang='lat' dir='ltr'><strong>pruinu</strong></span> <span class='ocrx_word' id='word_1_95' title='bbox 1899 1908 2070 1984; x_wconf 85' lang='lat' dir='ltr'><strong>scabrata</strong></span> <span class='ocrx_word' id='word_1_96' title='bbox 2084 1904 2142 2015; x_wconf 86' lang='lat' dir='ltr'><strong>est</strong></span> <span class='ocrx_word' id='word_1_97' title='bbox 2155 1916 2215 1983; x_wconf 85' lang='lat' dir='ltr'><strong>at·</strong></span> <span class='ocrx_word' id='word_1_98' title='bbox 2282 1997 2286 2009; x_wconf 22' lang='lat'>⁸</span> 
     </span>
     <span class='ocr_line' id='line_1_12' title="bbox 426 2028 2215 2132; baseline 0.001 -24"><span class='ocrx_word' id='word_1_99' title='bbox 426 2062 427 2065; x_wconf 38' lang='lat'>¹</span> <span class='ocrx_word' id='word_1_100' title='bbox 506 2055 600 2130; x_wconf 51' lang='lat' dir='ltr'><strong>¹que</strong></span> <span class='ocrx_word' id='word_1_101' title='bbox 624 2033 761 2107; x_wconf 87' lang='lat' dir='ltr'><strong>semini</strong></span> <span class='ocrx_word' id='word_1_102' title='bbox 782 2034 880 2111; x_wconf 88' lang='lat' dir='ltr'><strong>adeo</strong></span> <span class='ocrx_word' id='word_1_103' title='bbox 895 2030 1004 2113; x_wconf 70' lang='lat' dir='ltr'><strong>arste</strong></span> <span class='ocrx_word' id='word_1_104' title='bbox 1026 2032 1222 2115; x_wconf 83' lang='lat' dir='ltr'><strong>adhaeret,</strong></span> <span class='ocrx_word' id='word_1_105' title='bbox 1246 2038 1294 2105; x_wconf 90' lang='lat' dir='ltr'><strong>ut</strong></span> <span class='ocrx_word' id='word_1_106' title='bbox 1319 2028 1474 2103; x_wconf 76' lang='lat' dir='ltr'><strong>nonnisi</strong></span> <span class='ocrx_word' id='word_1_107' title='bbox 1497 2029 1703 2128; x_wconf 86' lang='lat' dir='ltr'><strong>scalpendo</strong></span> <span class='ocrx_word' id='word_1_108' title='bbox 1729 2032 1769 2107; x_wconf 76' lang='grc' dir='ltr'><strong>δι</strong></span> <span class='ocrx_word' id='word_1_109' title='bbox 1793 2054 1868 2132; x_wconf 91' lang='lat' dir='ltr'><strong>per</strong></span> <span class='ocrx_word' id='word_1_110' title='bbox 1900 2032 2066 2111; x_wconf 86' lang='lat' dir='ltr'><strong>frustula</strong></span> <span class='ocrx_word' id='word_1_111' title='bbox 2092 2036 2140 2111; x_wconf 87' lang='lat' dir='ltr'><strong>ab</strong></span> <span class='ocrx_word' id='word_1_112' title='bbox 2165 2056 2215 2110; x_wconf 90' lang='lat' dir='ltr'><strong>eo</strong></span> 
     </span>
     <span class='ocr_line' id='line_1_13' title="bbox 518 2141 2291 2264; baseline -0.001 -27"><span class='ocrx_word' id='word_1_113' title='bbox 518 2159 622 2238; x_wconf 87' lang='lat' dir='ltr'><strong>solvi</strong></span> <span class='ocrx_word' id='word_1_114' title='bbox 639 2157 776 2264; x_wconf 84' lang='lat' dir='ltr'><strong>poffit:</strong></span> <span class='ocrx_word' id='word_1_115' title='bbox 801 2141 1139 2245; x_wconf 88' lang='lat' dir='ltr'><strong>inConvolvulo,</strong></span> <span class='ocrx_word' id='word_1_116' title='bbox 1164 2155 1351 2241; x_wconf 87' lang='lat' dir='ltr'><strong>Hibisco‚</strong></span> <span class='ocrx_word' id='word_1_117' title='bbox 1381 2152 1593 2259; x_wconf 83' lang='lat' dir='ltr'><strong>Gossypio‚</strong></span> <span class='ocrx_word' id='word_1_118' title='bbox 1620 2153 1795 2259; x_wconf 86' lang='lat' dir='ltr'><strong>Sapindo</strong></span> <span class='ocrx_word' id='word_1_119' title='bbox 1813 2159 1852 2234; x_wconf 70' lang='grc' dir='ltr'>ἃ</span> <span class='ocrx_word' id='word_1_120' title='bbox 1867 2159 1953 2235; x_wconf 87' lang='lat' dir='ltr'><strong>aliis</strong></span> <span class='ocrx_word' id='word_1_121' title='bbox 1974 2162 2121 2248; x_wconf 79' lang='lat' dir='ltr'><strong>variis3</strong></span> <span class='ocrx_word' id='word_1_122' title='bbox 2205 2240 2210 2247; x_wconf 76' lang='grc'>,</span> <span class='ocrx_word' id='word_1_123' title='bbox 2282 2232 2291 2245; x_wconf 78' lang='grc'>,</span> 
     </span>
    </p>
   </div>
   <div class='ocr_carea' id='block_1_4' title="bbox 513 2384 2290 2745">
    <p class='ocr_par' dir='ltr' id='par_1_4' title="bbox 513 2384 2290 2745">
     <span class='ocr_line' id='line_1_14' title="bbox 616 2384 2220 2507; baseline -0.001 -37"><span class='ocrx_word' id='word_1_124' title='bbox 616 2393 866 2495; x_wconf 79' lang='lat' dir='ltr'><strong>mucilaginosa</strong></span> <span class='ocrx_word' id='word_1_125' title='bbox 893 2417 1100 2493; x_wconf 87' lang='lat' dir='ltr'><strong>nunquam</strong></span> <span class='ocrx_word' id='word_1_126' title='bbox 1121 2396 1236 2475; x_wconf 89' lang='lat' dir='ltr'><strong>venit</strong></span> <span class='ocrx_word' id='word_1_127' title='bbox 1262 2397 1304 2469; x_wconf 88' lang='lat' dir='ltr'><strong>in</strong></span> <span class='ocrx_word' id='word_1_128' title='bbox 1326 2384 1697 2501; x_wconf 59' lang='lat' dir='ltr'><strong>conspestumsnili</strong></span> <span class='ocrx_word' id='word_1_129' title='bbox 1718 2393 1865 2467; x_wconf 85' lang='lat' dir='ltr'><strong>semina</strong></span> <span class='ocrx_word' id='word_1_130' title='bbox 1884 2395 1926 2467; x_wconf 88' lang='lat' dir='ltr'><strong>in</strong></span> <span class='ocrx_word' id='word_1_131' title='bbox 1956 2414 2097 2491; x_wconf 83' lang='lat' dir='ltr'><strong>aquam</strong></span> <span class='ocrx_word' id='word_1_132' title='bbox 2123 2402 2220 2507; x_wconf 52' lang='lat' dir='ltr'><strong>conf</strong></span> 
     </span>
     <span class='ocr_line' id='line_1_15' title="bbox 513 2515 2290 2623; baseline 0.001 -29"><span class='ocrx_word' id='word_1_133' title='bbox 513 2515 723 2617; x_wconf 87' lang='lat' dir='ltr'><strong>jiciantur,</strong></span> <span class='ocrx_word' id='word_1_134' title='bbox 748 2529 797 2595; x_wconf 89' lang='lat' dir='ltr'><strong>ut</strong></span> <span class='ocrx_word' id='word_1_135' title='bbox 820 2543 962 2597; x_wconf 91' lang='lat' dir='ltr'><strong>eorum</strong></span> <span class='ocrx_word' id='word_1_136' title='bbox 986 2523 1216 2623; x_wconf 87' lang='lat' dir='ltr'><strong>superficies</strong></span> <span class='ocrx_word' id='word_1_137' title='bbox 1236 2521 1464 2597; x_wconf 85' lang='lat' dir='ltr'><strong>mollescere</strong></span> <span class='ocrx_word' id='word_1_138' title='bbox 1487 2519 1527 2594; x_wconf 71' lang='grc' dir='ltr'><strong>δι</strong></span> <span class='ocrx_word' id='word_1_139' title='bbox 1549 2522 1589 2593; x_wconf 92' lang='lat' dir='ltr'><strong>in</strong></span> <span class='ocrx_word' id='word_1_140' title='bbox 1612 2517 1825 2613; x_wconf 83' lang='lat' dir='ltr'><strong>gelatinam</strong></span> <span class='ocrx_word' id='word_1_141' title='bbox 1850 2515 1917 2595; x_wconf 85' lang='lat' dir='ltr'><strong>vel</strong></span> <span class='ocrx_word' id='word_1_142' title='bbox 1940 2520 2243 2615; x_wconf 80' lang='lat' dir='ltr'><strong>mucilaginem·</strong></span> <span class='ocrx_word' id='word_1_143' title='bbox 2286 2577 2290 2583; x_wconf 72' lang='lat'><em>.</em></span> 
     </span>
     <span class='ocr_line' id='line_1_16' title="bbox 517 2645 2220 2745; baseline 0.002 -28"><span class='ocrx_word' id='word_1_144' title='bbox 517 2646 664 2720; x_wconf 89' lang='lat' dir='ltr'><strong>resolvi</strong></span> <span class='ocrx_word' id='word_1_145' title='bbox 691 2645 830 2743; x_wconf 85' lang='lat' dir='ltr'><strong>polilt:</strong></span> <span class='ocrx_word' id='word_1_146' title='bbox 856 2670 980 2743; x_wconf 88' lang='lat' dir='ltr'><strong>quare</strong></span> <span class='ocrx_word' id='word_1_147' title='bbox 998 2652 1117 2723; x_wconf 86' lang='lat' dir='ltr'><strong>etiam</strong></span> <span class='ocrx_word' id='word_1_148' title='bbox 1146 2670 1229 2722; x_wconf 91' lang='lat' dir='ltr'><strong>non</strong></span> <span class='ocrx_word' id='word_1_149' title='bbox 1252 2650 1423 2743; x_wconf 89' lang='lat' dir='ltr'><strong>mirum,</strong></span> <span class='ocrx_word' id='word_1_150' title='bbox 1454 2646 1561 2741; x_wconf 89' lang='lat' dir='ltr'><strong>quod</strong></span> <span class='ocrx_word' id='word_1_151' title='bbox 1585 2646 1672 2720; x_wconf 89' lang='lat' dir='ltr'><strong>haec</strong></span> <span class='ocrx_word' id='word_1_152' title='bbox 1692 2647 1827 2719; x_wconf 86' lang='lat' dir='ltr'><strong>tunica</strong></span> <span class='ocrx_word' id='word_1_153' title='bbox 1840 2667 1870 2737; x_wconf 84' lang='lat' dir='ltr'><strong>a</strong></span> <span class='ocrx_word' id='word_1_154' title='bbox 1888 2645 2220 2745; x_wconf 71' lang='lat' dir='ltr'><strong>plerisqueprae</strong></span> 
     </span>
    </p>
   </div>
   <div class='ocr_carea' id='block_1_5' title="bbox 348 2746 2220 2871">
    <p class='ocr_par' dir='ltr' id='par_1_5' title="bbox 348 2746 2220 2871">
     <span class='ocr_line' id='line_1_17' title="bbox 348 2746 2220 2871; baseline 0.001 -28"><span class='ocrx_word' id='word_1_155' title='bbox 348 2800 359 2807; x_wconf 79' lang='grc'>-</span> <span class='ocrx_word' id='word_1_156' title='bbox 499 2769 664 2844; x_wconf 85' lang='lat' dir='ltr'><strong>tervisa</strong></span> <span class='ocrx_word' id='word_1_157' title='bbox 681 2769 763 2845; x_wconf 86' lang='lat' dir='ltr'><strong>&amp;a</strong></span> <span class='ocrx_word' id='word_1_158' title='bbox 786 2772 869 2846; x_wconf 92' lang='lat' dir='ltr'><strong>solo</strong></span> <span class='ocrx_word' id='word_1_159' title='bbox 887 2746 1075 2850; x_wconf 71' lang='lat' dir='ltr'><strong>Guhwro</strong></span> <span class='ocrx_word' id='word_1_160' title='bbox 1090 2770 1181 2871; x_wconf 86' lang='lat'>(1.)</span> <span class='ocrx_word' id='word_1_161' title='bbox 1201 2776 1305 2848; x_wconf 89' lang='lat' dir='ltr'><strong>inter</strong></span> <span class='ocrx_word' id='word_1_162' title='bbox 1320 2773 1479 2848; x_wconf 87' lang='lat' dir='ltr'><strong>seminis</strong></span> <span class='ocrx_word' id='word_1_163' title='bbox 1501 2774 1773 2865; x_wconf 80' lang='lat' dir='ltr'><strong>integumenta</strong></span> <span class='ocrx_word' id='word_1_164' title='bbox 1795 2773 1919 2848; x_wconf 83' lang='lat' dir='ltr'><strong>relata</strong></span> <span class='ocrx_word' id='word_1_165' title='bbox 1939 2771 2074 2848; x_wconf 86' lang='lat' dir='ltr'><strong>suerit.</strong></span> <span class='ocrx_word' id='word_1_166' title='bbox 2122 2766 2220 2846; x_wconf 91' lang='lat' dir='ltr'><strong>Non</strong></span> 
     </span>
    </p>
   </div>
   <div class='ocr_carea' id='block_1_6' title="bbox 517 2893 2262 3373">
    <p class='ocr_par' dir='ltr' id='par_1_6' title="bbox 517 2893 2262 3373">
     <span class='ocr_line' id='line_1_18' title="bbox 520 2893 2218 2997; baseline 0.002 -30"><span class='ocrx_word' id='word_1_167' title='bbox 520 2893 755 2989; x_wconf 84' lang='lat' dir='ltr'><strong>infrequens</strong></span> <span class='ocrx_word' id='word_1_168' title='bbox 782 2894 856 2979; x_wconf 88' lang='lat' dir='ltr'><strong>est,</strong></span> <span class='ocrx_word' id='word_1_169' title='bbox 883 2897 1103 2994; x_wconf 81' lang='lat' dir='ltr'><strong>praesertim</strong></span> <span class='ocrx_word' id='word_1_170' title='bbox 1121 2900 1173 2984; x_wconf 70' lang='lat' dir='ltr'><strong>¹iu</strong></span> <span class='ocrx_word' id='word_1_171' title='bbox 1195 2899 1408 2977; x_wconf 83' lang='lat' dir='ltr'><strong>seminibus</strong></span> <span class='ocrx_word' id='word_1_172' title='bbox 1430 2894 1742 2994; x_wconf 83' lang='lat' dir='ltr'><strong>Siliquosarum:</strong></span> <span class='ocrx_word' id='word_1_173' title='bbox 1781 2905 1829 2971; x_wconf 88' lang='lat' dir='ltr'><strong>ut</strong></span> <span class='ocrx_word' id='word_1_174' title='bbox 1857 2895 2035 2997; x_wconf 84' lang='lat' dir='ltr'><strong>Lepidii,</strong></span> <span class='ocrx_word' id='word_1_175' title='bbox 2067 2893 2218 2992; x_wconf 83' lang='lat' dir='ltr'><strong>Alyffi,</strong></span> 
     </span>
     <span class='ocr_line' id='line_1_19' title="bbox 517 3018 2262 3120; baseline -0.001 -23"><span class='ocrx_word' id='word_1_176' title='bbox 517 3018 650 3097; x_wconf 87' lang='lat' dir='ltr'><strong>Veliae</strong></span> <span class='ocrx_word' id='word_1_177' title='bbox 670 3019 756 3105; x_wconf 80' lang='lat'><strong>&amp;03</strong></span> <span class='ocrx_word' id='word_1_178' title='bbox 787 3019 827 3099; x_wconf 74' lang='lat' dir='ltr'><strong>bt</strong></span> <span class='ocrx_word' id='word_1_179' title='bbox 849 3020 1018 3096; x_wconf 84' lang='lat' dir='ltr'><strong>habetur</strong></span> <span class='ocrx_word' id='word_1_180' title='bbox 1041 3046 1201 3120; x_wconf 88' lang='lat' dir='ltr'><strong>quoque</strong></span> <span class='ocrx_word' id='word_1_181' title='bbox 1225 3028 1265 3099; x_wconf 91' lang='lat' dir='ltr'><strong>in</strong></span> <span class='ocrx_word' id='word_1_182' title='bbox 1291 3028 1397 3102; x_wconf 84' lang='lat' dir='ltr'><strong>aliis:</strong></span> <span class='ocrx_word' id='word_1_183' title='bbox 1423 3031 1469 3102; x_wconf 85' lang='lat' dir='ltr'><strong>ut</strong></span> <span class='ocrx_word' id='word_1_184' title='bbox 1496 3024 1538 3096; x_wconf 91' lang='lat' dir='ltr'><strong>in</strong></span> <span class='ocrx_word' id='word_1_185' title='bbox 1561 3020 1686 3107; x_wconf 88' lang='lat' dir='ltr'><strong>Lino,</strong></span> <span class='ocrx_word' id='word_1_186' title='bbox 1716 3019 1976 3116; x_wconf 84' lang='lat' dir='ltr'><strong>Plantagine,</strong></span> <span class='ocrx_word' id='word_1_187' title='bbox 2014 3021 2218 3120; x_wconf 85' lang='lat' dir='ltr'><strong>Cydonia,</strong></span> <span class='ocrx_word' id='word_1_188' title='bbox 2259 3044 2262 3047; x_wconf 87' lang='lat'>·</span> 
     </span>
     <span class='ocr_line' id='line_1_20' title="bbox 517 3134 2221 3249; baseline 0.004 -31"><span class='ocrx_word' id='word_1_189' title='bbox 517 3134 699 3240; x_wconf 85' lang='lat' dir='ltr'><strong>Fagonia</strong></span> <span class='ocrx_word' id='word_1_190' title='bbox 717 3145 799 3231; x_wconf 80' lang='lat'><strong>&amp;03</strong></span> <span class='ocrx_word' id='word_1_191' title='bbox 824 3146 888 3223; x_wconf 90' lang='lat' dir='ltr'><strong>sed</strong></span> <span class='ocrx_word' id='word_1_192' title='bbox 905 3149 944 3220; x_wconf 93' lang='lat' dir='ltr'><strong>in</strong></span> <span class='ocrx_word' id='word_1_193' title='bbox 960 3139 1138 3242; x_wconf 84' lang='lat' dir='ltr'><strong>ejusdem</strong></span> <span class='ocrx_word' id='word_1_194' title='bbox 1152 3154 1317 3244; x_wconf 85' lang='lat' dir='ltr'><strong>generis</strong></span> <span class='ocrx_word' id='word_1_195' title='bbox 1335 3150 1536 3249; x_wconf 86' lang='lat' dir='ltr'><strong>speciebus</strong></span> <span class='ocrx_word' id='word_1_196' title='bbox 1551 3149 1638 3227; x_wconf 90' lang='lat' dir='ltr'><strong>aliis</strong></span> <span class='ocrx_word' id='word_1_197' title='bbox 1653 3168 1942 3243; x_wconf 90' lang='lat' dir='ltr'><strong>nonnunquam</strong></span> <span class='ocrx_word' id='word_1_198' title='bbox 1961 3147 2111 3233; x_wconf 86' lang='lat' dir='ltr'><strong>deficit,</strong></span> <span class='ocrx_word' id='word_1_199' title='bbox 2128 3171 2221 3225; x_wconf 91' lang='lat' dir='ltr'><strong>cum</strong></span> 
     </span>
     <span class='ocr_line' id='line_1_21' title="bbox 517 3270 2219 3373; baseline -0.004 -26"><span class='ocrx_word' id='word_1_200' title='bbox 517 3273 559 3347; x_wconf 93' lang='lat' dir='ltr'><strong>in</strong></span> <span class='ocrx_word' id='word_1_201' title='bbox 583 3270 670 3344; x_wconf 88' lang='lat' dir='ltr'><strong>aliis</strong></span> <span class='ocrx_word' id='word_1_202' title='bbox 694 3271 827 3354; x_wconf 81' lang='lat' dir='ltr'><strong>adest:</strong></span> <span class='ocrx_word' id='word_1_203' title='bbox 863 3275 986 3347; x_wconf 85' lang='lat' dir='ltr'><strong>utin</strong></span> <span class='ocrx_word' id='word_1_204' title='bbox 1016 3271 1162 3351; x_wconf 84' lang='lat' dir='ltr'><strong>Salvia.</strong></span> <span class='ocrx_word' id='word_1_205' title='bbox 1211 3273 1363 3353; x_wconf 87' lang='lat' dir='ltr'><strong>Differt</strong></span> <span class='ocrx_word' id='word_1_206' title='bbox 1388 3276 1571 3373; x_wconf 84' lang='lat' dir='ltr'><strong>inprimis</strong></span> <span class='ocrx_word' id='word_1_207' title='bbox 1598 3272 1867 3373; x_wconf 84' lang='lat' dir='ltr'><strong>pelluciditate</strong></span> <span class='ocrx_word' id='word_1_208' title='bbox 1892 3284 2010 3370; x_wconf 85' lang='lat' dir='ltr'><strong>atque</strong></span> <span class='ocrx_word' id='word_1_209' title='bbox 2027 3271 2219 3349; x_wconf 79' lang='lat' dir='ltr'><strong>crailitie.</strong></span> 
     </span>
    </p>
   </div>
   <div class='ocr_carea' id='block_1_7' title="bbox 361 3393 2219 3501">
    <p class='ocr_par' dir='ltr' id='par_1_7' title="bbox 361 3393 2219 3501">
     <span class='ocr_line' id='line_1_22' title="bbox 361 3393 2219 3501; baseline 0.002 -33"><span class='ocrx_word' id='word_1_210' title='bbox 361 3476 364 3481; x_wconf 23' lang='lat'><em>⁴</em></span> <span class='ocrx_word' id='word_1_211' title='bbox 517 3393 589 3476; x_wconf 89' lang='lat' dir='ltr'><strong>Illa</strong></span> <span class='ocrx_word' id='word_1_212' title='bbox 611 3394 714 3497; x_wconf 85' lang='lat' dir='ltr'><strong>saepe</strong></span> <span class='ocrx_word' id='word_1_213' title='bbox 748 3397 1084 3494; x_wconf 82' lang='lat' dir='ltr'><strong>pellucidiffimam</strong></span> <span class='ocrx_word' id='word_1_214' title='bbox 1107 3401 1336 3497; x_wconf 86' lang='lat' dir='ltr'><strong>crystallum</strong></span> <span class='ocrx_word' id='word_1_215' title='bbox 1367 3402 1545 3501; x_wconf 65' lang='lat' dir='ltr'><strong>superam</strong></span> <span class='ocrx_word' id='word_1_216' title='bbox 1580 3399 1676 3472; x_wconf 84' lang='lat' dir='ltr'><strong>alias</strong></span> <span class='ocrx_word' id='word_1_217' title='bbox 1702 3422 1806 3483; x_wconf 89' lang='lat' dir='ltr'><strong>vero</strong></span> <span class='ocrx_word' id='word_1_218' title='bbox 1831 3399 2025 3477; x_wconf 89' lang='lat' dir='ltr'><strong>subalbida</strong></span> <span class='ocrx_word' id='word_1_219' title='bbox 2049 3398 2089 3472; x_wconf 75' lang='lat' dir='ltr'><strong>hc</strong></span> <span class='ocrx_word' id='word_1_220' title='bbox 2111 3394 2219 3495; x_wconf 76' lang='lat' dir='ltr'><strong>quali</strong></span> 
     </span>
    </p>
   </div>
   <div class='ocr_carea' id='block_1_8' title="bbox 514 3510 2302 4388">
    <p class='ocr_par' dir='ltr' id='par_1_8' title="bbox 514 3510 2302 4388">
     <span class='ocr_line' id='line_1_23' title="bbox 516 3510 2218 3629; baseline 0.002 -34"><span class='ocrx_word' id='word_1_221' title='bbox 516 3519 720 3601; x_wconf 82' lang='lat' dir='ltr'><strong>turbidula</strong></span> <span class='ocrx_word' id='word_1_222' title='bbox 735 3521 813 3603; x_wconf 85' lang='lat' dir='ltr'><strong>est:</strong></span> <span class='ocrx_word' id='word_1_223' title='bbox 843 3532 891 3596; x_wconf 86' lang='lat' dir='ltr'><strong>ut</strong></span> <span class='ocrx_word' id='word_1_224' title='bbox 911 3525 951 3601; x_wconf 92' lang='lat' dir='ltr'><strong>in</strong></span> <span class='ocrx_word' id='word_1_225' title='bbox 969 3525 1162 3622; x_wconf 84' lang='lat' dir='ltr'><strong>Cydonia.</strong></span> <span class='ocrx_word' id='word_1_226' title='bbox 1213 3529 1270 3606; x_wconf 88' lang='lat' dir='ltr'><strong>Et</strong></span> <span class='ocrx_word' id='word_1_227' title='bbox 1291 3531 1343 3602; x_wconf 85' lang='lat' dir='ltr'><strong>ita</strong></span> <span class='ocrx_word' id='word_1_228' title='bbox 1360 3547 1522 3621; x_wconf 89' lang='lat' dir='ltr'><strong>quoque</strong></span> <span class='ocrx_word' id='word_1_229' title='bbox 1546 3522 1734 3629; x_wconf 82' lang='lat' dir='ltr'><strong>craffities</strong></span> <span class='ocrx_word' id='word_1_230' title='bbox 1754 3527 1793 3601; x_wconf 91' lang='lat' dir='ltr'><strong>in</strong></span> <span class='ocrx_word' id='word_1_231' title='bbox 1817 3520 1903 3601; x_wconf 89' lang='lat' dir='ltr'><strong>aliis</strong></span> <span class='ocrx_word' id='word_1_232' title='bbox 1920 3524 1979 3605; x_wconf 88' lang='lat' dir='ltr'><strong>est</strong></span> <span class='ocrx_word' id='word_1_233' title='bbox 1997 3526 2087 3601; x_wconf 84' lang='lat' dir='ltr'><strong>satis</strong></span> <span class='ocrx_word' id='word_1_234' title='bbox 2103 3510 2218 3621; x_wconf 65' lang='lat' dir='ltr'><strong>nolia-</strong></span> 
     </span>
     <span class='ocr_line' id='line_1_24' title="bbox 518 3645 2218 3751; baseline -0.001 -26"><span class='ocrx_word' id='word_1_235' title='bbox 518 3646 629 3731; x_wconf 87' lang='lat' dir='ltr'><strong>bilis,</strong></span> <span class='ocrx_word' id='word_1_236' title='bbox 661 3656 709 3721; x_wconf 87' lang='lat' dir='ltr'><strong>ut</strong></span> <span class='ocrx_word' id='word_1_237' title='bbox 732 3648 863 3730; x_wconf 86' lang='lat' dir='ltr'><strong>semen</strong></span> <span class='ocrx_word' id='word_1_238' title='bbox 890 3651 997 3728; x_wconf 87' lang='lat' dir='ltr'><strong>intra</strong></span> <span class='ocrx_word' id='word_1_239' title='bbox 1016 3653 1121 3731; x_wconf 89' lang='lat' dir='ltr'><strong>suam</strong></span> <span class='ocrx_word' id='word_1_240' title='bbox 1144 3655 1419 3751; x_wconf 81' lang='lat' dir='ltr'><strong>mucilaginem</strong></span> <span class='ocrx_word' id='word_1_241' title='bbox 1437 3650 1610 3743; x_wconf 76' lang='lat' dir='ltr'><strong>haereat,</strong></span> <span class='ocrx_word' id='word_1_242' title='bbox 1633 3648 1742 3739; x_wconf 82' lang='lat' dir='ltr'><strong>sicuti</strong></span> <span class='ocrx_word' id='word_1_243' title='bbox 1764 3645 1951 3745; x_wconf 88' lang='lat' dir='ltr'><strong>Gyrinus</strong></span> <span class='ocrx_word' id='word_1_244' title='bbox 1983 3654 2089 3727; x_wconf 88' lang='lat' dir='ltr'><strong>intra</strong></span> <span class='ocrx_word' id='word_1_245' title='bbox 2107 3652 2218 3750; x_wconf 89' lang='lat' dir='ltr'><strong>sper-</strong></span> 
     </span>
     <span class='ocr_line' id='line_1_25' title="bbox 517 3772 2217 3883; baseline 0.002 -36"><span class='ocrx_word' id='word_1_246' title='bbox 517 3775 634 3853; x_wconf 87' lang='lat' dir='ltr'><strong>matis</strong></span> <span class='ocrx_word' id='word_1_247' title='bbox 650 3772 708 3847; x_wconf 93' lang='lat' dir='ltr'><strong>sui</strong></span> <span class='ocrx_word' id='word_1_248' title='bbox 727 3775 959 3883; x_wconf 10' lang='lat' dir='ltr'><strong>*globulum3</strong></span> <span class='ocrx_word' id='word_1_249' title='bbox 987 3780 1028 3856; x_wconf 92' lang='lat' dir='ltr'><strong>in</strong></span> <span class='ocrx_word' id='word_1_250' title='bbox 1051 3780 1138 3855; x_wconf 90' lang='lat' dir='ltr'><strong>aliis</strong></span> <span class='ocrx_word' id='word_1_251' title='bbox 1156 3802 1257 3857; x_wconf 89' lang='lat' dir='ltr'><strong>vero</strong></span> <span class='ocrx_word' id='word_1_252' title='bbox 1275 3777 1486 3855; x_wconf 85' lang='lat' dir='ltr'><strong>admodum</strong></span> <span class='ocrx_word' id='word_1_253' title='bbox 1500 3777 1635 3850; x_wconf 87' lang='lat' dir='ltr'><strong>tenuis</strong></span> <span class='ocrx_word' id='word_1_254' title='bbox 1654 3774 1731 3858; x_wconf 88' lang='lat' dir='ltr'><strong>est,</strong></span> <span class='ocrx_word' id='word_1_255' title='bbox 1757 3782 1801 3847; x_wconf 85' lang='lat' dir='ltr'><strong>ut</strong></span> <span class='ocrx_word' id='word_1_256' title='bbox 1815 3774 1944 3849; x_wconf 89' lang='lat' dir='ltr'><strong>semen</strong></span> <span class='ocrx_word' id='word_1_257' title='bbox 1962 3774 2094 3852; x_wconf 86' lang='lat' dir='ltr'><strong>saltem</strong></span> <span class='ocrx_word' id='word_1_258' title='bbox 2114 3779 2217 3851; x_wconf 91' lang='lat' dir='ltr'><strong>nim-</strong></span> 
     </span>
     <span class='ocr_line' id='line_1_26' title="bbox 515 3895 2302 4002; baseline -0.002 -21"><span class='ocrx_word' id='word_1_259' title='bbox 515 3900 650 3981; x_wconf 86' lang='lat' dir='ltr'><strong>batum</strong></span> <span class='ocrx_word' id='word_1_260' title='bbox 665 3900 860 3979; x_wconf 78' lang='lat' dir='ltr'><strong>videatur,</strong></span> <span class='ocrx_word' id='word_1_261' title='bbox 910 3898 1196 4002; x_wconf 85' lang='lat' dir='ltr'><strong>Cujuscunque</strong></span> <span class='ocrx_word' id='word_1_262' title='bbox 1215 3916 1351 3996; x_wconf 81' lang='lat' dir='ltr'><strong>autem</strong></span> <span class='ocrx_word' id='word_1_263' title='bbox 1377 3903 1496 3979; x_wconf 91' lang='lat' dir='ltr'><strong>molis</strong></span> <span class='ocrx_word' id='word_1_264' title='bbox 1516 3900 1583 3993; x_wconf 81' lang='lat' dir='ltr'><strong>fit,</strong></span> <span class='ocrx_word' id='word_1_265' title='bbox 1609 3921 1814 3994; x_wconf 87' lang='lat' dir='ltr'><strong>nunquam</strong></span> <span class='ocrx_word' id='word_1_266' title='bbox 1842 3903 1883 3973; x_wconf 92' lang='lat' dir='ltr'><strong>in</strong></span> <span class='ocrx_word' id='word_1_267' title='bbox 1909 3900 2222 4001; x_wconf 83' lang='lat' dir='ltr'><strong>floccossponte·</strong></span> <span class='ocrx_word' id='word_1_268' title='bbox 2299 3895 2302 3899; x_wconf 70' lang='grc'><strong>’</strong></span> 
     </span>
     <span class='ocr_line' id='line_1_27' title="bbox 516 4024 2250 4128; baseline 0.002 -27"><span class='ocrx_word' id='word_1_269' title='bbox 516 4025 691 4101; x_wconf 86' lang='lat' dir='ltr'><strong>resoluta</strong></span> <span class='ocrx_word' id='word_1_270' title='bbox 704 4038 886 4125; x_wconf 87' lang='lat' dir='ltr'><strong>apparet,</strong></span> <span class='ocrx_word' id='word_1_271' title='bbox 912 4029 978 4105; x_wconf 90' lang='lat' dir='ltr'><strong>sed</strong></span> <span class='ocrx_word' id='word_1_272' title='bbox 994 4032 1220 4108; x_wconf 85' lang='lat' dir='ltr'><strong>constanter</strong></span> <span class='ocrx_word' id='word_1_273' title='bbox 1239 4030 1488 4128; x_wconf 84' lang='lat' dir='ltr'><strong>superficiem</strong></span> <span class='ocrx_word' id='word_1_274' title='bbox 1514 4024 1634 4102; x_wconf 89' lang='lat' dir='ltr'><strong>habet</strong></span> <span class='ocrx_word' id='word_1_275' title='bbox 1647 4024 1880 4118; x_wconf 83' lang='lat' dir='ltr'><strong>aequabilem</strong></span> <span class='ocrx_word' id='word_1_276' title='bbox 1901 4036 2021 4121; x_wconf 82' lang='lat' dir='ltr'><strong>atque</strong></span> <span class='ocrx_word' id='word_1_277' title='bbox 2043 4027 2217 4121; x_wconf 81' lang='lat' dir='ltr'><strong>figuram</strong></span> <span class='ocrx_word' id='word_1_278' title='bbox 2248 4112 2250 4117; x_wconf 63' lang='grc'>,</span> 
     </span>
     <span class='ocr_line' id='line_1_28' title="bbox 515 4148 2217 4263; baseline 0.003 -40"><span class='ocrx_word' id='word_1_279' title='bbox 515 4148 806 4263; x_wconf 84' lang='lat' dir='ltr'><strong>subglobosam:</strong></span> <span class='ocrx_word' id='word_1_280' title='bbox 835 4162 882 4227; x_wconf 83' lang='lat' dir='ltr'><strong>ut</strong></span> <span class='ocrx_word' id='word_1_281' title='bbox 898 4154 1033 4231; x_wconf 86' lang='lat' dir='ltr'><strong>semen</strong></span> <span class='ocrx_word' id='word_1_282' title='bbox 1053 4153 1334 4254; x_wconf 82' lang='lat' dir='ltr'><strong>mucilaginosum</strong></span> <span class='ocrx_word' id='word_1_283' title='bbox 1359 4153 1458 4229; x_wconf 92' lang='lat' dir='ltr'><strong>nihil</strong></span> <span class='ocrx_word' id='word_1_284' title='bbox 1476 4149 1636 4226; x_wconf 86' lang='lat' dir='ltr'><strong>distaret</strong></span> <span class='ocrx_word' id='word_1_285' title='bbox 1666 4173 1689 4224; x_wconf 88' lang='lat' dir='ltr'><strong>a</strong></span> <span class='ocrx_word' id='word_1_286' title='bbox 1714 4150 1889 4238; x_wconf 81' lang='lat' dir='ltr'><strong>baccata,</strong></span> <span class='ocrx_word' id='word_1_287' title='bbox 1914 4150 1944 4226; x_wconf 91' lang='lat' dir='ltr'><strong>s1</strong></span> <span class='ocrx_word' id='word_1_288' title='bbox 1968 4150 2073 4230; x_wconf 88' lang='lat' dir='ltr'><strong>illius</strong></span> <span class='ocrx_word' id='word_1_289' title='bbox 2085 4155 2217 4253; x_wconf 83' lang='lat' dir='ltr'><strong>perin-</strong></span> 
     </span>
     <span class='ocr_line' id='line_1_29' title="bbox 514 4271 1687 4388; baseline -0.003 -35"><span class='ocrx_word' id='word_1_290' title='bbox 514 4273 566 4353; x_wconf 87' lang='lat' dir='ltr'><strong>de</strong></span> <span class='ocrx_word' id='word_1_291' title='bbox 582 4285 701 4374; x_wconf 85' lang='lat' dir='ltr'><strong>atque</strong></span> <span class='ocrx_word' id='word_1_292' title='bbox 724 4271 845 4373; x_wconf 76' lang='lat' dir='ltr'><strong>hujus</strong></span> <span class='ocrx_word' id='word_1_293' title='bbox 863 4279 986 4380; x_wconf 85' lang='lat' dir='ltr'><strong>pulpa</strong></span> <span class='ocrx_word' id='word_1_294' title='bbox 1007 4285 1320 4388; x_wconf 86' lang='lat' dir='ltr'><strong>omnitempore</strong></span> <span class='ocrx_word' id='word_1_295' title='bbox 1348 4280 1555 4379; x_wconf 88' lang='lat' dir='ltr'><strong>conspicua</strong></span> <span class='ocrx_word' id='word_1_296' title='bbox 1582 4272 1687 4352; x_wconf 82' lang='lat' dir='ltr'><strong>esset.</strong></span> 
     </span>
    </p>
   </div>
   <div class='ocr_carea' id='block_1_9' title="bbox 511 4484 2215 4714">
    <p class='ocr_par' dir='ltr' id='par_1_9' title="bbox 511 4484 2215 4714">
     <span class='ocr_line' id='line_1_30' title="bbox 511 4484 2215 4587; baseline -0.001 -23"><span class='ocrx_word' id='word_1_297' title='bbox 511 4576 518 4585; x_wconf 26' lang='lat'><strong>¹</strong></span> <span class='ocrx_word' id='word_1_298' title='bbox 614 4489 781 4564; x_wconf 70' lang='lat' dir='ltr'><strong>Aaron</strong></span> <span class='ocrx_word' id='word_1_299' title='bbox 794 4508 853 4567; x_wconf 85' lang='lat' dir='ltr'><strong>us</strong></span> <span class='ocrx_word' id='word_1_300' title='bbox 875 4489 1046 4586; x_wconf 87' lang='lat' dir='ltr'><strong>denique</strong></span> <span class='ocrx_word' id='word_1_301' title='bbox 1067 4486 1131 4568; x_wconf 82' lang='lat' dir='ltr'><strong>est=</strong></span> <span class='ocrx_word' id='word_1_302' title='bbox 1144 4494 1460 4586; x_wconf 83' lang='lat' dir='ltr'><strong>integumentum</strong></span> <span class='ocrx_word' id='word_1_303' title='bbox 1482 4489 1752 4573; x_wconf 85' lang='lat' dir='ltr'><strong>accessorium,</strong></span> <span class='ocrx_word' id='word_1_304' title='bbox 1782 4484 1890 4582; x_wconf 89' lang='lat' dir='ltr'><strong>quod</strong></span> <span class='ocrx_word' id='word_1_305' title='bbox 1905 4487 2038 4562; x_wconf 90' lang='lat' dir='ltr'><strong>semen</strong></span> <span class='ocrx_word' id='word_1_306' title='bbox 2057 4486 2126 4564; x_wconf 87' lang='lat' dir='ltr'><strong>vel</strong></span> <span class='ocrx_word' id='word_1_307' title='bbox 2144 4511 2215 4587; x_wconf 86' lang='lat' dir='ltr'><strong>pe·</strong></span> 
     </span>
     <span class='ocr_line' id='line_1_31' title="bbox 517 4609 2215 4714; baseline -0.004 -20"><span class='ocrx_word' id='word_1_308' title='bbox 517 4621 647 4702; x_wconf 85' lang='lat' dir='ltr'><strong>nitus,</strong></span> <span class='ocrx_word' id='word_1_309' title='bbox 673 4612 739 4693; x_wconf 88' lang='lat' dir='ltr'><strong>vel</strong></span> <span class='ocrx_word' id='word_1_310' title='bbox 760 4639 816 4695; x_wconf 87' lang='lat' dir='ltr'><strong>ex</strong></span> <span class='ocrx_word' id='word_1_311' title='bbox 835 4625 949 4714; x_wconf 87' lang='lat' dir='ltr'><strong>parte</strong></span> <span class='ocrx_word' id='word_1_312' title='bbox 965 4625 1123 4690; x_wconf 86' lang='lat' dir='ltr'><strong>tantum</strong></span> <span class='ocrx_word' id='word_1_313' title='bbox 1139 4615 1292 4711; x_wconf 82' lang='lat' dir='ltr'><strong>obtegit</strong></span> <span class='ocrx_word' id='word_1_314' title='bbox 1304 4625 1422 4710; x_wconf 87' lang='lat' dir='ltr'><strong>atque</strong></span> <span class='ocrx_word' id='word_1_315' title='bbox 1440 4617 1510 4690; x_wconf 90' lang='lat' dir='ltr'><strong>soli</strong></span> <span class='ocrx_word' id='word_1_316' title='bbox 1533 4609 1622 4709; x_wconf 89' lang='lat' dir='ltr'><strong>ejus</strong></span> <span class='ocrx_word' id='word_1_317' title='bbox 1636 4611 1821 4691; x_wconf 88' lang='lat' dir='ltr'><strong>umbilico</strong></span> <span class='ocrx_word' id='word_1_318' title='bbox 1844 4611 2047 4697; x_wconf 86' lang='lat' dir='ltr'><strong>adnatum,</strong></span> <span class='ocrx_word' id='word_1_319' title='bbox 2082 4623 2215 4689; x_wconf 84' lang='lat' dir='ltr'><strong>cetera</strong></span> 
     </span>
    </p>
   </div>
   <div class='ocr_carea' id='block_1_10' title="bbox 516 4736 2213 4964">
    <p class='ocr_par' dir='ltr' id='par_1_10' title="bbox 516 4736 2213 4964">
     <span class='ocr_line' id='line_1_32' title="bbox 516 4736 2213 4863; baseline -0.005 -40"><span class='ocrx_word' id='word_1_320' title='bbox 516 4767 619 4823; x_wconf 86' lang='lat' dir='ltr'><strong>vero</strong></span> <span class='ocrx_word' id='word_1_321' title='bbox 646 4741 821 4838; x_wconf 88' lang='lat' dir='ltr'><strong>undique</strong></span> <span class='ocrx_word' id='word_1_322' title='bbox 842 4764 866 4817; x_wconf 86' lang='lat' dir='ltr'><strong>a</strong></span> <span class='ocrx_word' id='word_1_323' title='bbox 889 4740 986 4821; x_wconf 84' lang='lat' dir='ltr'><strong>testa</strong></span> <span class='ocrx_word' id='word_1_324' title='bbox 1009 4740 1181 4863; x_wconf 87' lang='lat' dir='ltr'><strong>solutum</strong></span> <span class='ocrx_word' id='word_1_325' title='bbox 1205 4739 1272 4819; x_wconf 82' lang='lat' dir='ltr'><strong>esb</strong></span> <span class='ocrx_word' id='word_1_326' title='bbox 1320 4736 1518 4841; x_wconf 78' lang='lat' dir='ltr'><strong>Respenu</strong></span> <span class='ocrx_word' id='word_1_327' title='bbox 1546 4737 1792 4816; x_wconf 82' lang='lat' dir='ltr'><strong>extensionis</strong></span> <span class='ocrx_word' id='word_1_328' title='bbox 1816 4736 1896 4815; x_wconf 83' lang='lat' dir='ltr'><strong>suae</strong></span> <span class='ocrx_word' id='word_1_329' title='bbox 1921 4736 2147 4837; x_wconf 87' lang='lat' dir='ltr'><strong>dispescitur</strong></span> <span class='ocrx_word' id='word_1_330' title='bbox 2172 4743 2213 4815; x_wconf 90' lang='lat' dir='ltr'><strong>in</strong></span> 
     </span>
     <span class='ocr_line' id='line_1_33' title="bbox 1985 4863 2211 4964; baseline -0.004 -24"><span class='ocrx_word' id='word_1_331' title='bbox 1985 4892 1986 4895; x_wconf 39' lang='lat'>¹</span> <span class='ocrx_word' id='word_1_332' title='bbox 2035 4863 2211 4964; x_wconf 88' lang='lat' dir='ltr'><strong>comple·</strong></span> 
     </span>
    </p>
   </div>
   <div class='ocr_carea' id='block_1_11' title="bbox 560 5034 1035 5125">
    <p class='ocr_par' dir='ltr' id='par_1_11' title="bbox 560 5034 1035 5125">
     <span class='ocr_line' id='line_1_34' title="bbox 560 5034 1035 5125; baseline 0 -22"><span class='ocrx_word' id='word_1_333' title='bbox 560 5039 607 5123; x_wconf 86' lang='lat' dir='ltr'><strong>r.)</strong></span> <span class='ocrx_word' id='word_1_334' title='bbox 628 5044 715 5105; x_wconf 79' lang='lat' dir='ltr'><strong>Anat.</strong></span> <span class='ocrx_word' id='word_1_335' title='bbox 738 5035 777 5102; x_wconf 89' lang='lat' dir='ltr'><strong>os</strong></span> <span class='ocrx_word' id='word_1_336' title='bbox 794 5034 902 5124; x_wconf 75' lang='lat' dir='ltr'><strong>planto.</strong></span> <span class='ocrx_word' id='word_1_337' title='bbox 924 5059 953 5125; x_wconf 89' lang='lat' dir='ltr'><strong>p.</strong></span> <span class='ocrx_word' id='word_1_338' title='bbox 974 5058 1035 5104; x_wconf 63' lang='grc' dir='ltr'><strong>ποι.</strong></span> 
     </span>
    </p>
   </div>
   <div class='ocr_carea' id='block_1_12' title="bbox 0 0 2444 6064">
    <p class='ocr_par' dir='ltr' id='par_1_12' title="bbox 0 0 2444 6064">
     <span class='ocr_line' id='line_1_35' title="bbox 0 0 2444 6064; baseline 0 0"><span class='ocrx_word' id='word_1_339' title='bbox 0 0 2444 6064; x_wconf 95' lang='lat' dir='ltr'><strong> </strong></span> 
     </span>
    </p>
   </div>
  </div>
 </body>
</html>
