4852 6062
887 546 1196 603 ..ε-..ξε
1808 560 1892 618 χιχ

196 748 348 832 tillimis
362 736 781 856 papilluliscoloratis‚
803 778 829 832 e
843 755 1014 833 medulla
1028 754 1107 854 ipsa
1120 751 1426 853 prodeuntibus,
1440 751 1629 829 obturata
1641 750 1701 829 lit.
1741 752 1892 852 Quodil
1945 862 1948 870 Ι

196 902 299 956 nunc
318 877 515 978 ejusmodi
534 883 720 979 globulus
741 883 876 976 digitis
894 885 1139 977 aliquantum
1160 889 1385 979 prematur,
1411 880 1551 978 sponte
1564 904 1621 961 ex
1640 904 1693 957 eo
1714 881 1893 981 prosiliet

196 1007 364 1085 avoidea
384 1000 562 1093 massula,
586 1021 671 1085 tota
689 1010 807 1084 solida
822 1008 929 1084 &ex
945 1009 1092 1084 sincera
1107 1007 1279 1083 medulla
1300 1007 1488 1092 formata,
1515 1030 1606 1102 quae
1628 1007 1785 1083 inferne
1804 1009 1891 1121 pal.

192 1134 267 1209 lida
283 1144 404 1229 atque
425 1138 560 1213 vitreo
578 1137 792 1236 pellucido,
820 1136 989 1232 superne
1013 1144 1147 1207 autem
1170 1155 1291 1232 opaca
1305 1158 1350 1206 ac
1371 1133 1591 1233 papillulis,
1617 1134 1746 1220 luteo,
1771 1134 1891 1212 viridi

191 1268 260 1335 aut
275 1261 404 1335 rubro
425 1262 560 1336 colore
579 1261 735 1347 tindiis,
765 1270 955 1335 coronata
980 1257 1037 1333 fia
1087 1258 1146 1333 Et
1166 1258 1217 1333 fic
1237 1257 1582 1334 luculentiilimum
1604 1259 1797 1337 habemus
1819 1263 1890 1337 do·

189 1396 444 1470 cumentum,
470 1388 577 1483 quod
592 1411 673 1462 non
692 1389 815 1463 solum
830 1388 962 1461 omnis
975 1388 1064 1462 veri
1080 1389 1184 1461 uteri
1200 1386 1345 1460 fabrica
1358 1381 1582 1461 aCeramiis
1594 1386 1759 1483 prorsus
1776 1386 1891 1473 abiit,

189 1512 253 1588 sed
270 1514 397 1589 etiam
413 1514 521 1607 quod
541 1537 683 1588 eorum
704 1514 852 1609 globuli
867 1536 923 1586 ex
943 1511 1109 1587 identica
1131 1515 1271 1587 matris
1294 1512 1465 1589 medulla
1489 1510 1717 1586 formentur
1737 1513 1776 1587 δι
1795 1536 1891 1613 pro.

188 1641 278 1739 pria
299 1639 365 1714 sua
387 1641 559 1724 virtute,
591 1663 666 1740 per
687 1637 893 1740 papillulas
914 1662 937 1716 e
958 1641 1110 1715 vertice
1133 1639 1202 1713 suo
1224 1637 1484 1737 pullulantes,
1518 1639 1558 1711 in
1579 1660 1711 1715 novas
1732 1640 1890 1738 plantas

188 1786 453 1865 procrescere
466 1776 633 1860 queant,
658 1767 805 1847 verbo,
832 1766 939 1858 quod
956 1766 1105 1859 globuli
1128 1764 1186 1838 isti
1207 1764 1392 1839 omnibus
1405 1766 1586 1838 numeris
1608 1765 1769 1840 absoluti
1791 1788 1891 1861 gon·

189 1891 283 1985 gyli
300 1888 394 1974 lint,
421 1891 460 1966 &
476 1892 582 1985 quod
598 1913 680 1966 non
698 1893 773 1966 alia
791 1895 831 1967 in
853 1889 1066 1975 Ceramus,
1092 1913 1209 1985 quarn
1229 1912 1302 1987 per
1322 1891 1423 1969 solas
1443 1912 1639 1985 gemmas,
1668 1891 1797 1967 locum
1823 1895 1890 1971 ha·
1954 1963 1974 1996 ,

187 2018 281 2091 beat
294 2020 594 2117 propagationis
608 2021 731 2092 ratio:
758 2018 851 2093 dum
867 2028 1007 2093 contra
1023 2022 1062 2090 in
1077 2018 1186 2093 omni
1201 2017 1376 2111 genuino
1392 2015 1505 2092 Fuco
1521 2040 1621 2093 vera
1636 2021 1890 2118 reperiantur
2005 2103 2011 2113 ,

187 2142 356 2236 semina,
381 2152 500 2217 utero
515 2145 698 2227 carnoso,
723 2167 747 2217 a
766 2147 905 2220 matris
922 2148 1069 2219 cortice
1084 2166 1129 2217 ac
1144 2143 1314 2217 medulla
1328 2142 1624 2230 distintliilimo,
1649 2146 1840 2225 conclusa.

288 2354 431 2433 bnon
451 2354 647 2435 nostrates
663 2360 809 2437 semine
828 2357 1126 2461 inperpetuum
1144 2358 1255 2435 orbae
1275 2357 1314 2435 dr
1333 2381 1456 2433 merae
1473 2363 1727 2460 gemmiparae
1742 2363 1890 2460 plantae

186 2480 291 2561 sunt.
342 2476 549 2560 Serninum
565 2482 638 2561 scil.
655 2487 763 2572 loco,
791 2488 916 2563 vivos
936 2485 1081 2569 suetus,
1107 2485 1172 2558 seu
1188 2505 1311 2563 veras
1334 2483 1599 2583 Propagines,
1622 2489 1890 2569 emedullaria

186 2607 414 2711 lublhntiae
438 2609 654 2704 segregatis
681 2612 864 2706 granulis
891 2608 968 2710 (r.)
997 2610 1191 2687 formatas
1220 2610 1454 2708 proferunt,
1489 2634 1637 2709 easque
1665 2611 1890 2693 Lichenum

185 2756 324 2818 ruore,
349 2735 500 2829 absque
519 2736 601 2810 ulla
625 2736 827 2829 manifesta
849 2738 887 2810 in
908 2739 1056 2812 cortice
1078 2747 1284 2836 apertura,
1309 2737 1486 2815 clancule
1507 2740 1689 2836 pariunt,
1712 2749 1761 2815 ut
1780 2741 1889 2819 dein·

186 2882 284 2961 ceps
302 2863 340 2932 in
354 2860 513 2959 plantas
529 2864 721 2941 matribus
738 2863 820 2939 suis
840 2863 1071 2959 limillinias‚
1096 2864 1174 2937 sola
1197 2865 1374 2939 omnium
1395 2866 1569 2963 partium
1590 2865 1748 2945 suarum
1763 2888 1891 2962 aequa·

187 2984 253 3061 bili
277 2985 534 3072 extenllone,
561 2990 856 3067 convalescant
911 2989 1060 3065 Utrum
1082 2986 1291 3067 Lenticula
1313 2990 1379 3065 illa
1400 2990 1544 3074 italica,
1569 3015 1592 3064 a
1612 2990 1890 3075 Vaursuumo

186 3109 267 3211 (a.)
294 3122 377 3187 tarn
392 3113 512 3197 male,
538 3114 577 3190 δι
597 3138 620 3189 a
640 3108 869 3193 Mineruam
891 3113 957 3213 (3)
980 3123 1061 3189 tarn
1083 3114 1340 3191 artificialiter
1358 3116 1568 3219 descripta,
1595 3120 1635 3191 in
1656 3130 1792 3197 rerum
1808 3118 1890 3195 Na·

186 3246 278 3313 tura
299 3237 470 3314 exiliati
506 3241 593 3315 aliis
614 3240 872 3318 decidendum
894 3242 1178 3337 relinquimus;
1206 3241 1243 3315 id
1262 3242 1395 3317 saltem
1418 3254 1647 3329 monentes,
1673 3245 1779 3343 quod
1799 3246 1891 3320 cha-

188 3360 323 3439 radter
351 3361 438 3461 ejus
473 3370 699 3460 genericus,
733 3388 859 3445 verus
880 3377 951 3441 aut
971 3364 1150 3458 fistitiuS,
1188 3369 1226 3439 in
1252 3366 1450 3443 nostrates
1471 3368 1614 3468 stirpes
1635 3372 1747 3477 nullo
1771 3372 1889 3453 ruodo

190 3489 380 3588 quadret,
406 3490 568 3588 &quod
587 3491 657 3569 ista
678 3516 767 3568 curu
784 3494 848 3568 his
869 3516 1071 3589 nunquam
1098 3491 1285 3569 debuiss'et
1302 3496 1474 3571 misceri.
1820 3504 1824 3508 ’

288 3702 446 3808 Blofium
461 3702 631 3800 denique
654 3705 801 3804 plantis
820 3708 1069 3781 aiexualibus
1090 3707 1340 3781 confidenter
1360 3707 1550 3786 addimus.
1600 3679 1796 3804 Quaenam
1813 3712 1893 3785 eia

189 3824 472 3906 Senurnncro
500 3829 575 3929 (4)
595 3832 633 3907 &
650 3835 759 3918 aliis,
793 3834 953 3909 attribui
974 3833 1124 3908 soleant
1142 3835 1414 3927 generationis
1434 3856 1602 3927 organa,
1634 3838 1778 3910 merito
1804 3835 1891 3910 lile·

189 3978 303 4040 mus,
332 3958 424 4050 quia
447 3956 604 4039 sufficit,
628 3960 694 4033 vel
712 3958 835 4056 ipsum
859 3955 1168 4035 Scrruruucruu
1190 3957 1502 4034 luculentissimis
1522 3966 1769 4055 argumentis
1787 3985 1892 4060 prae·

189 4092 253 4156 ter
275 4085 538 4157 intentionem
561 4083 666 4157 suain
692 4084 986 4169 dernonstraile,
1013 4086 1120 4179 quod
1138 4108 1235 4158 vera
1254 4085 1399 4159 semina
1421 4085 1514 4159 huic
1534 4085 1642 4185 stirpi
1665 4097 1895 4187 competant

190 4208 361 4306 prorsus
379 4209 505 4302 nulla,
531 4210 688 4303 quando
702 4210 857 4285 disertis
876 4213 1013 4288 verbis
1030 4214 1103 4285 ait:
1129 4208 1284 4307 granula
1305 4208 1387 4296 illo,
1414 4234 1507 4307 quae
1528 4235 1671 4311 nempe
1692 4239 1769 4312 pro
1782 4202 1894 4290 serniss

189 4337 314 4410 nibus
336 4335 490 4418 habuit,
518 4335 554 4412 ιἰι
573 4337 698 4411 intima
721 4361 823 4412 carne
849 4334 890 4417 u
912 4334 1058 4413 medulla
1074 4347 1288 4434 generantur
1310 4334 1398 4437 (Ως
1422 4350 1525 4438 utque
1545 4337 1751 4417 motationis
1775 4340 1895 4419 modus

1000 4481 1073 4536 (32
1826 4494 1896 4544 non

191 4652 198 4659 ’
237 4655 287 4737 ι.)
312 4659 420 4718 Mica.
449 4677 517 4738 gen.
547 4670 568 4718 r.
597 4678 633 4720 ιι.
663 4654 855 4722 tendenti.
878 4679 900 4722 ι.
922 4660 967 4721 Μ.
988 4661 1030 4722 Ν.
1107 4660 1157 4743 a)
1179 4656 1200 4722 1.
1223 4681 1247 4722 r.
1270 4673 1291 4722 r.
1315 4680 1350 4722 ιι.
1372 4655 1536 4724 Lenticula.

328 4770 640 4836 &fiaNNL

240 4919 285 4998 ι.)
308 4922 339 4981 s.
364 4922 404 4981 u.
427 4922 461 4981 c.
483 4923 568 4981 cent.
593 4940 614 4981 ι,
636 4919 767 5006 append.
797 4941 827 5005 p,
857 4938 891 5001 17
893 4941 923 4998 4
944 4924 1030 4986 cm
1108 4856 1155 4940 ι)
1179 4851 1297 4918 orrea.
1319 4852 1356 4916 aa
1380 4851 1481 4970 urana.

332 5051 356 5105 3.
380 5034 453 5098 Oba.
475 5053 521 5110 34·
543 5048 641 5119 1³49.
1110 5040 1157 5123 5.)
1177 5039 1327 5104 Scauro.
1349 5033 1370 5098 1.
1394 5058 1418 5099 c.
1440 5057 1471 5123 p.
1494 5050 1540 5123 ²5·
1562 5033 1587 5120 5.
1611 5055 1652 5115 19·
1736 5036 1746 5045 “
