4852 6062
494 521 656 575 LXXXII
1199 517 1507 549 ''¹¹¹¹''-

376 804 382 811 .
495 735 535 809 &
560 736 599 806 in
616 728 754 804 multis
776 725 886 824 septo
902 744 976 822 per
996 719 1286 818 longitudinem
1306 719 1478 795 divisus:
1503 717 1728 815 &denique
1745 720 1942 816 margines,
1968 725 2037 817 qui
2055 722 2124 800 vel
2141 725 2200 796 in.

495 860 619 943 flexi,
646 856 714 931 vel
734 852 930 950 simplices
945 849 984 923 δι
1003 848 1105 946 saepe
1127 851 1166 922 in
1188 847 1354 925 Saturam
1369 846 1636 943 prominulam
1654 846 1845 923 incrassati
1865 848 1965 925 sunt,
2017 848 2120 921 Haec
2140 850 2202 923 su·

495 996 606 1066 tura,
631 978 814 1058 valvulas
837 981 875 1050 in
890 976 1095 1074 plerisque
1113 973 1342 1072 simpliciter
1356 971 1573 1058 connestit3
1598 977 1635 1049 in
1653 976 1778 1050 variis
1797 985 1930 1048 autem
1941 977 2201 1072 peregrinum

496 1110 603 1207 quali
615 1126 767 1204 corpus
780 1101 1041 1177 commissurae
1057 1094 1306 1196 interjestum
1328 1098 1395 1173 est.
1444 1100 1656 1199 Itanempe
1668 1101 1845 1176 valvulae
1861 1101 2200 1176 discriminantur:

497 1233 669 1312 reticulo
690 1236 729 1305 in
755 1230 890 1312 Liliis;
916 1228 996 1301 setai
1014 1228 1167 1302 clavata
1184 1227 1222 1298 in
1243 1224 1464 1324 Pentapete
1477 1225 1670 1323 phenicem
1697 1227 1868 1304 vibriffis
1885 1231 1922 1300 in
1944 1226 2109 1325 Tulipa:
2134 1252 2201 1302 co-

495 1364 553 1441 sta
568 1360 746 1437 filisormi
764 1359 803 1429 in
828 1354 969 1429 'salino
986 1352 1025 1429 ὃ(
1039 1352 1297 1437 Orchidibus;
1323 1351 1494 1445 denique
1516 1353 1597 1451 ipso
1610 1354 1802 1428 seminum
1828 1355 2080 1451 receptaculo
2098 1378 2202 1427 com·

495 1491 625 1572 muni,
652 1495 720 1560 aut
746 1485 900 1558 extimo
929 1479 1188 1578 dissepimenti
1217 1481 1397 1572 margine
1430 1483 1470 1554 in
1493 1478 1698 1575 Siliquosrs
1723 1476 1809 1555 sere
1836 1479 2046 1554 omnibus:
2077 1501 2202 1574 quare

496 1618 614 1691 etiam
638 1616 677 1686 in
694 1611 757 1684 his
774 1609 814 1683 ὃ(
832 1611 870 1682 in
889 1605 1127 1683 Orchidibus
1144 1605 1321 1680 valvulae
1336 1604 1375 1679 se
1396 1617 1536 1681 mutuo
1555 1629 1637 1680 non
1659 1610 1899 1700 contingunt
1923 1605 1962 1680 &
1985 1628 2060 1704 per
2078 1615 2203 1679 matu-

495 1744 656 1815 ritatem
679 1739 818 1836 sponte
833 1733 1033 1818 defluunt,
1059 1729 1197 1806 resisto
1222 1733 1380 1831 semper
1409 1733 1643 1826 intergerini
1668 1736 1851 1831 corporis
1880 1731 2069 1826 vestigio,
2094 1729 2203 1826 quod

497 1868 538 1941 in
561 1860 1298 1940 Orchidibusstruicemlanternariam
1323 1858 1615 1952 quodammodo
1637 1858 1777 1937 refert.

593 2073 697 2148 Haec
710 2074 842 2149 omnia
863 2080 1033 2147 externe
1052 2072 1090 2143 in
1105 2065 1301 2143 fructibus
1315 2075 1542 2144 occurrunt.
1592 2068 1756 2143 Interna
1772 2080 1908 2143 autem
1927 2089 2068 2144 eorum
2090 2068 2202 2144 sabri-

498 2224 541 2276 ca
558 2201 779 2295 generatim
793 2194 1049 2274 Loculnmentir
1062 2193 1182 2290 atque
1196 2191 1314 2292 Septis
1330 2197 1572 2288 integratur:
1600 2216 1691 2268 nam
1710 2196 1759 2269 de
1777 2196 2012 2289 seminibus,
2037 2218 2201 2269 eorum·

497 2351 574 2423 que
594 2326 846 2423 receptaculo
861 2326 1084 2408 communi,
1110 2322 1216 2418 quod
1236 2324 1340 2421 saepe
1361 2323 1578 2399 maximam
1599 2318 1758 2397 fruetus
1771 2322 1921 2397 interni
1941 2330 2097 2423 partem
2123 2321 2202 2397 effi·

497 2455 566 2539 cit,
591 2451 752 2529 seorsim
781 2451 946 2525 dicetur.

592 2635 881 2710 Loculamenta
908 2632 999 2708 sunt
1031 2632 1424 2710 concamerationes,
1461 2630 1632 2705 internae
1655 2627 1865 2705 sruttuum
1893 2631 2117 2709 substantiae
2142 2634 2203 2707 iu·

496 2764 679 2863 sculptae,
705 2761 745 2837 &
761 2762 831 2837 vel
845 2759 1058 2834 seminibus
1076 2758 1262 2833 fovendis
1275 2757 1429 2841 dicatae,
1460 2755 1582 2831 vel&
1597 2756 1823 2832 constanter
1837 2781 1994 2843 vacuae,
2019 2772 2089 2832 aut
2113 2761 2202 2830 inu·

496 2890 556 2962 tili
573 2890 737 2961 materie
758 2884 946 2984 repletaez
973 2887 1151 2980 priores,
1179 2882 1445 2955 loculamenta
1462 2907 1563 2964 vera,
1589 2882 1836 2981 posteriores
1858 2894 1989 2959 autem
2000 2882 2127 2982 spuria
2145 2884 2203 2956 di·

498 3024 655 3087 cuntur.
706 3007 851 3110 Spuria
874 3008 1136 3083 loculamenta
1153 3011 1284 3082 rarius
1299 3018 1539 3093 occurrunt,
1570 3022 1690 3104 atque
1717 3034 1863 3087 nunca
1890 3034 2005 3086 mero
2030 3011 2203 3104 quodam

497 3140 718 3214 substantiae
743 3141 913 3211 internae
938 3137 1070 3219 hiatu,
1101 3135 1271 3209 fortuito
1296 3138 1502 3220 oriuntur,
1528 3145 1578 3208 ut
1602 3138 1641 3208 in
1663 3140 1790 3235 probe
1819 3140 1988 3213 maturis
2007 3135 2203 3211 frustibus

496 3264 646 3349 Musae,
673 3262 921 3344 Cucurbitae,
945 3261 1164 3358 Cydoniae3
1183 3282 1297 3335 nunc
1321 3272 1453 3336 autem
1483 3260 1676 3336 constanti
1696 3263 1828 3338 sorma
1848 3288 1896 3338 ac
1918 3285 2089 3343 numero
2112 3286 2204 3359 gau·

498 3393 611 3476 dent,
627 3390 667 3465 &
683 3393 722 3463 in
737 3390 922 3464 omnibns
941 3382 1118 3483 ejusdem
1133 3389 1272 3484 speciei
1289 3384 1482 3462 fruttibus
1514 3392 1782 3483 reperiuntur.
1832 3385 1969 3486 Hujus
1995 3393 2071 3466 loci
2095 3392 2202 3465 sunt:

498 3519 652 3591 lacunae
681 3515 759 3592 illae
790 3515 1012 3597 centrales,
1043 3512 1266 3589 furfuracea
1294 3515 1460 3587 materie
1484 3512 1697 3597 scatentes,
1738 3517 1778 3586 in
1807 3513 1982 3601 Halesia,
2021 3515 2202 3601 Nemee,

498 3642 706 3717 Antelaea:
734 3643 963 3720 cavernulae
985 3640 1064 3714 illae
1090 3639 1193 3712 infra
1214 3662 1312 3715 vera
1332 3639 1597 3713 loculamenta
1617 3640 1774 3737 positae,
1806 3642 1844 3713 in
1869 3639 2070 3733 Gmelina,
2095 3640 2203 3715 Lan-

499 3779 615 3853 tana,
644 3767 832 3853 Pedalio,
865 3765 1031 3843 Cakile:
1072 3767 1220 3860 gemini
1251 3765 1307 3838 illi
1331 3765 1467 3849 loculi,
1507 3767 1545 3838 in
1569 3765 1765 3863 supremis
1791 3766 1939 3871 illiquis
1967 3766 2134 3863 lVlyagri
2162 3767 2203 3843 δι

498 3893 729 3969 Erucariae:
760 3895 931 3971 cuniculi
946 3894 1001 3967 illi
1018 3892 1229 3977 laterales,
1257 3893 1295 3965 in
1316 3889 1519 3990 Spathelia
1540 3890 1579 3965 ὅ(
1593 3889 1627 3964 T
1631 3892 1880 3968 ournesortia
1901 3889 2068 3992 cymosa:
2090 3895 2204 3968 infla-

498 4030 553 4095 tae
572 4021 651 4095 illae
666 4023 875 4106 cavitates,
900 4025 940 4094 in
960 4018 1121 4113 Nigella
1135 4014 1359 4116 damascena:
1384 4018 1424 4092 δι
1444 4017 1614 4111 denique
1629 4019 1842 4093 ventriculi
1870 4020 1922 4095 illi
1941 4023 2056 4094 vacui
2073 4020 2204 4095 dorsa-

498 4148 579 4231 leS,
607 4144 943 4222 inValerianellis
959 4145 1053 4219 &in
1069 4141 1290 4219 Aruernis
1310 4144 1511 4241 speciebus
1530 4144 1760 4241 plerisque:
1786 4168 1877 4219 nam
1899 4166 2040 4221 omnes
2056 4146 2120 4220 hee
2139 4170 2202 4220 ca-

448 4257 450 4261 *
499 4275 650 4352 vitates
664 4272 713 4347 ad
728 4272 992 4348 loculamenta
1005 4271 1136 4368 spuria
1150 4270 1373 4368 pertinent,
1399 4271 1491 4362 quia
1506 4271 1546 4342 in
1565 4270 1639 4346 illis
1656 4273 1811 4346 nullum
1826 4272 1984 4348 seminis
2000 4282 2070 4347 aut
2092 4275 2204 4349 ovuli

499 4399 711 4493 vestigium
726 4419 903 4490 unquam
920 4396 1037 4471 adest.
1086 4394 1196 4473 Vera
1222 4407 1355 4472 autem
1371 4395 1655 4482 loculamenta,
1681 4401 1721 4471 in
1742 4397 1874 4475 frustu
1894 4403 1972 4475 rite
1998 4401 2203 4477 foecunda-

499 4535 562 4610 to‚
591 4545 796 4620 nunquam
822 4523 971 4599 semine
991 4531 1144 4607 carent,
1169 4521 1209 4597 bc
1232 4522 1443 4599 secundum
1472 4523 1661 4618 figuram,
1686 4548 1919 4621 numerum,
1944 4526 2061 4605 situm
2082 4540 2204 4625 atque

500 4652 674 4727 tunicam
695 4651 801 4726 suam
817 4650 1026 4750 propriam
1044 4657 1181 4727 aurate
1198 4650 1362 4725 scrutari
1387 4660 1607 4725 merentur.

599 4833 753 4933 Figura
765 4833 1121 4910 loculamentorum
1148 4836 1370 4928 generatim
1381 4834 1449 4908 vel
1466 4832 1645 4917 definita,
1670 4836 1738 4912 vel
1753 4836 1955 4912 indefinita
1974 4839 2045 4915 dici
2061 4839 2205 4939 potest,

500 4962 707 5042 Posterior
726 4962 815 5039 haec
831 4963 1026 5058 emergit,
1050 4959 1209 5056 quando
1228 4958 1437 5037 substantia
1457 4962 1668 5062 pericarpii
1689 4965 1794 5039 inter
1822 4966 2013 5042 seminum
2034 4965 2205 5043 intersti-

2147 5095 2206 5168 tia
