4852 6062
902 521 1209 599 αξ,-
1784 521 1899 575 xum

206 728 328 805 lubet
350 746 444 803 cum
463 726 605 805 ovario
623 726 871 813 communia,
906 730 1053 824 'eaque
1071 729 1292 824 gracillima
1316 725 1901 827 etscctmdumlcnqitudiuem

208 854 300 951 styli
319 854 597 955 decurrentia,
647 863 769 947 atque
785 854 898 931 intus
913 854 1030 931 succo
1046 854 1160 933 lento
1174 852 1375 939 strenua.
1415 857 1728 955 quempropriis
1743 857 1902 933 uiribus

206 980 281 1079 (r)
312 980 544 1078 propellere
575 977 736 1076 possunt
753 989 795 1054 et
820 984 892 1076 qui
920 1002 1212 1076 nonnunquam
1240 984 1280 1058 in
1304 980 1520 1079 particular
1546 980 1703 1059 fovillae
1733 982 1902 1059 seruulus

206 1109 350 1185 secedit
373 1107 467 1199 (2),
496 1106 738 1198 regulariter
765 1125 868 1180 vero
894 1101 1042 1179 liuidus
1064 1105 1124 1181 est
1143 1106 1183 1181 δι
1205 1103 1396 1183 unstuoso
1423 1106 1615 1201 stigmatis
1642 1108 1787 1203 liquori
1819 1106 1899 1182 ori-

207 1239 341 1329 ginem
368 1233 552 1331 praebere
569 1254 615 1305 ac
635 1230 919 1305 soecundatioui
940 1233 1133 1308 inservire
1154 1232 1325 1307 videtur.
1359 1232 1509 1307 Utrum
1522 1246 1674 1331 practer
1692 1234 1779 1308 lucc
1794 1257 1900 1309 coru-

206 1361 342 1434 munia
367 1359 477 1440 vasa,
512 1360 631 1439 etiam
648 1355 720 1430 alin
741 1355 885 1438 adsint,
919 1354 1185 1432 deserentium
1200 1361 1365 1434 nomine
1380 1359 1515 1454 digna,
1546 1361 1604 1433 uti
1624 1356 1804 1437 Konta
1817 1381 1900 1437 uu·

206 1510 311 1563 rur
325 1506 384 1561 us
420 1481 503 1579 (3)
526 1486 735 1580 opinatur,
772 1480 808 1554 id
830 1492 944 1556 certo
964 1504 1047 1557 non
1071 1482 1232 1560 constat.
1281 1482 1508 1563 Verisimile
1534 1485 1694 1578 quidem
1717 1484 1776 1561 est
1797 1481 1901 1580 ejus·

207 1612 319 1688 modi
339 1611 430 1685 vasa
446 1606 595 1690 edelse,
628 1628 752 1699 eaque
767 1629 791 1680 e
807 1607 954 1703 patulis
971 1608 1160 1702 stigmatis
1177 1607 1328 1685 ostiolis
1350 1608 1557 1706 multiplici
1580 1611 1773 1708 principio
1795 1620 1901 1695 orca.

206 1760 286 1838 per
311 1737 460 1832 stylum
486 1732 728 1811 descendere
748 1741 868 1825 atque
890 1733 1041 1808 ultimis
1068 1735 1149 1809 lbis
1174 1733 1323 1808 linibus
1348 1733 1591 1809 umbiliceles
1611 1733 1812 1811 funiculos
1843 1739 1902 1814 in·

208 1863 325 1959 gredi
351 1872 471 1955 atquc
501 1861 552 1935 sic
576 1860 729 1957 sperma
747 1856 796 1931 ad
818 1857 1037 1933 ovulorum
1058 1859 1188 1935 sedern
1209 1858 1390 1934 deferre:
1427 1881 1519 1933 nam
1538 1861 1791 1938 cohaerentes
1812 1885 1902 1937 cum

209 1990 317 2086 stylo
341 1988 558 2070 funiculos,
592 1987 633 2058 in
661 1982 961 2077 Leguminum,
992 1981 1199 2079 Siliquosis
1221 1983 1263 2060 dr
1283 1984 1386 2075 aliis,
1421 1984 1625 2061 manifeste
1652 1988 1837 2063 videmus
1865 1987 1905 2062 bt

210 2112 396 2191 dustulos
421 2136 447 2185 a
468 2111 621 2187 summo
643 2108 821 2203 stigmate
836 2107 883 2183 ad
900 2110 1022 2183 ovula
1038 2111 1323 2193 decurrentes,
1350 2112 1515 2184 armatis
1529 2113 1657 2187 oeulis
1684 2110 1906 2189 Gumoar-

211 2262 318 2316 πως
345 2240 413 2332 (4)
439 2237 672 2335 prosecutus
685 2234 762 2319 est;
788 2234 851 2310 sed
873 2233 909 2308 id
930 2230 1066 2322 officii,
1091 2236 1169 2333 ipsa
1185 2256 1346 2329 quoque
1364 2238 1589 2309 conuuuuia
1607 2237 1700 2313 vasa
1716 2237 1905 2335 praestare

210 2366 391 2468 poffunt,
422 2362 605 2456 urgendo
619 2361 693 2435 scil.
708 2370 939 2436 contentum
957 2361 1059 2432 intra
1075 2360 1112 2432 se
1128 2362 1283 2435 laticem
1299 2361 1386 2436 aliis
1400 2361 1648 2456 temporibus
1667 2361 1835 2448 sursum,
1865 2374 1908 2440 et

212 2493 302 2568 aliis
325 2490 529 2566 deorsum:
557 2487 684 2582 qualis
707 2485 891 2562 vasorum
915 2480 1015 2558 aslio
1042 2485 1082 2557 in
1106 2483 1318 2579 vegetabili
1336 2486 1513 2561 maehina
1534 2489 1763 2582 neutiquam
1790 2487 1906 2563 inull-

212 2629 297 2693 fflta
315 2615 381 2690 est.
432 2612 628 2707 Quicquid
651 2622 782 2687 autem
803 2611 872 2694 fit,
906 2609 943 2684 id
965 2608 1218 2693 certumest,
1249 2610 1356 2703 quod
1384 2608 1557 2687 distindla
1579 2614 1668 2689 vasa
1691 2611 1909 2689 deserentia

213 2741 393 2817 nondum
417 2737 683 2813 demonstrata
707 2736 800 2822 fint,
838 2747 957 2830 atque
980 2733 1058 2832 ipsa
1079 2739 1304 2809 communia
1327 2736 1418 2832 styli
1440 2739 1549 2827 vasa,
1586 2738 1726 2815 versus
1744 2739 1909 2814 inferio·

214 2893 322 2952 rem,
353 2865 564 2958 ovulisque
580 2865 810 2961 propiorem
831 2864 1147 2952 extremitatem,
1190 2860 1361 2935 sormam
1387 2862 1491 2939 suam
1519 2863 1662 2962 saepius
1688 2875 1843 2941 exuant
1869 2866 1910 2943 dt

216 2999 258 3068 in
282 2992 417 3067 multis
445 2991 497 3063 ita
522 2988 808 3084 deliquescant,
845 2988 952 3060 utin
975 3009 1126 3060 meram
1152 2985 1271 3059 telam
1294 2986 1515 3063 cellulosam
1543 2988 1815 3064 resolvantur:
1865 2991 1910 3067 ld

215 3123 325 3195 enim
350 3141 432 3191 non
457 3117 582 3190 solum
603 3115 773 3189 ocularis
800 3108 985 3209 inspestio
1010 3112 1049 3182 in
1071 3111 1330 3207 receptaculis
1355 3113 1546 3189 seininum
1575 3113 1753 3210 sungofis
1776 3116 1910 3205 docet,

215 3218 283 3321 sed
308 3244 345 3319 id
367 3244 432 3318 vel
458 3243 632 3316 maxime
657 3260 818 3333 quoque
846 3238 1171 3334 experimentum
1192 3237 1419 3324 coufirmat,
1458 3247 1496 3315 in
1518 3240 1727 3340 Hyperico
1757 3242 1911 3317 institu-

216 3383 331 3461 tum,
357 3371 493 3461 inquo
510 3366 585 3440 scil.
605 3366 736 3439 omnia
757 3360 897 3450 ovula‚
923 3362 1040 3433 etiam
1058 3382 1199 3433 eorum
1222 3360 1599 3450 loculamentorum,
1623 3389 1796 3460 quorum
1820 3368 1912 3465 styli

218 3497 413 3594 amputati
443 3502 577 3574 erant,
621 3512 695 3588 per
716 3484 961 3585 superstitem
987 3484 1126 3578 singuli
1150 3485 1405 3562 loculamenti
1432 3488 1578 3586 stylum
1608 3488 1702 3586 (ς),
1747 3492 1913 3571 suerunt

216 3618 464 3696 foecundata:
500 3616 603 3711 quod
628 3614 736 3689 nullo
757 3613 874 3688 modo
897 3613 983 3687 lieri
1005 3611 1207 3708 potuisset,
1246 3611 1276 3685 li
1301 3635 1324 3685 a
1349 3612 1540 3707 stigmatis
1559 3615 1706 3691 ostiolis
1733 3618 1781 3693 ad
1799 3622 1911 3696 ovuli

218 3745 502 3827 cicatriculam,
527 3742 694 3840 simplex
710 3741 1003 3815 &continuum
1027 3737 1258 3811 decurreret
1276 3740 1497 3824 vasculum,
1524 3762 1598 3819 nec
1619 3744 1658 3814 in
1679 3742 1834 3817 seminis
1851 3766 1914 3819 re·

218 3869 425 3968 ceptaculo
444 3887 585 3943 omnes
606 3871 711 3941 inter
736 3867 773 3941 se
793 3861 943 3939 confusi
961 3862 1085 3937 essent
1105 3858 1292 3953 dustuum
1309 3864 1633 3960 spermaticorum
1652 3866 1767 3943 lines.
1805 3867 1916 3944 Hinc

218 4008 360 4094 aperte
377 3995 432 4066 illi
447 3992 655 4084 falluntur,
684 3994 753 4086 qui
775 3988 935 4090 pollinis
957 3997 1027 4061 aut
1047 3985 1197 4061 sovillae
1213 3989 1442 4089 particulas,
1468 3992 1578 4084 regia
1600 3989 1706 4085 quast
1725 3995 1807 4080 via,
1840 4017 1914 4095 per

219 4120 368 4215 stylum
388 4120 437 4195 ad
460 4117 580 4195 ovula
605 4119 777 4209 migrare
799 4114 966 4196 volunt3
995 4121 1064 4186 aut
1084 4112 1150 4205 qui
1168 4120 1322 4188 meatus
1342 4115 1535 4207 quosdam
1555 4138 1679 4195 cavos
1693 4142 1738 4194 ec
1757 4123 1935 4209 inanes,

220 4244 363 4341 quales
387 4245 428 4315 in
452 4241 703 4341 paucioribus
728 4236 933 4313 nonnullis
958 4232 1070 4333 stylis
1097 4238 1299 4324 videmus,
1345 4240 1514 4338 &quos
1549 4243 1618 4318 vel
1648 4241 1755 4321 resti
1780 4247 1846 4319 via
1873 4247 1913 4320 in

220 4372 433 4446 cavitatem
458 4367 819 4445 loculamentorum
843 4364 1095 4464 pertingere,
1138 4372 1186 4439 ut
1216 4367 1257 4439 in
1283 4363 1428 4468 Tulipa
1448 4365 1490 4444 dt
1511 4363 1643 4453 Lillo,
1685 4369 1755 4446 vel
1777 4368 1913 4445 saltem

1060 4486 1124 4564 ss
1297 4562 1301 4569 ,
1478 4564 1482 4571 ,
1823 4493 1917 4591 styli

268 4737 317 4818 1.)
338 4738 505 4799 lituum.
526 4733 601 4794 llitl.
624 4750 717 4793 mune.
737 4725 840 4792 frond.
862 4746 885 4789 ι.
905 4746 936 4812 p.
957 4742 1005 4806 75.
1129 4731 1183 4812 4)
1205 4734 1264 4795 Du
1285 4730 1399 4797 Neude
1420 4731 1475 4794 dre.
1496 4748 1527 4814 p.
1540 4747 1589 4808 42.
1607 4743 1628 4793 c
1644 4734 1678 4794 ll.
1697 4726 1720 4795 s.
1741 4747 1772 4811 7.
1786 4740 1813 4804 r.

269 4904 323 4982 2.)
343 4905 551 4965 Koutrrur.
569 4895 752 4980 vorlcuffig.
774 4898 887 4963 Naelu.
908 4920 939 4986 p.
960 4914 990 4985 7.
1128 4899 1179 4987 ς.)
1200 4894 1582 4975 Κοκιιευτονοεῐιυῶ
1600 4899 1713 4969 meu.
1724 4919 1755 4986 p.
1769 4918 1811 4965 u.

272 5045 321 5125 ς)
340 5039 417 5103 iura.
437 5063 468 5126 p.
490 5053 517 5112 t.
