4852 6062
915 521 1219 573 ΕΞ
1830 522 1902 575 LVI
1909 524 1921 571 1

316 723 468 799 Rarius
490 730 575 796 tota
594 724 774 798 machina
793 725 1030 818 vegetabilis
1056 725 1394 801 asoecundatione
1417 726 1606 823 afficitur,
1646 739 1921 828 praeterquam

223 854 262 925 in
284 855 410 929 variis
438 850 584 949 plantis
611 852 776 936 annuis,
812 874 904 945 quae
928 851 1030 950 saepe
1053 849 1179 926 statim
1203 852 1293 949 post
1323 854 1541 929 celebratas
1569 860 1754 955 nuptias,
1799 859 1921 933 celeri

222 976 351 1072 grelsu
375 979 424 1052 ad
447 981 544 1055 vitae
572 978 651 1052 suae
678 980 896 1054 terminum
923 988 1144 1077 properant
1173 990 1214 1053 et
1239 979 1433 1074 languore
1464 1004 1538 1078 per
1575 989 1708 1057 omnia
1744 986 1922 1058 membra

220 1104 363 1180 diffuso
385 1106 680 1203 corripimitur:
724 1114 865 1179 contra
888 1115 1023 1179 autem
1044 1127 1068 1178 a
1086 1106 1241 1196 negatis
1266 1111 1415 1206 nuptiis
1439 1129 1728 1204 nonnunquam
1755 1114 1795 1184 in
1824 1112 1922 1185 alte·

220 1253 312 1305 rum
334 1252 483 1304 annum
510 1234 633 1307 vitam
658 1232 913 1329 protrahunt.
972 1231 1244 1326 Frequentius
1267 1255 1386 1328 vero,
1422 1257 1504 1308 non
1531 1237 1584 1309 ita
1609 1237 1687 1310 late
1707 1236 1830 1334 serpit
1858 1238 1921 1313 vi-

221 1377 316 1439 rus,
356 1358 480 1434 sedin
503 1356 618 1433 floris
640 1360 783 1433 vicinia
809 1358 988 1442 subsistit,
1027 1358 1132 1446 unde
1153 1357 1219 1433 vel
1239 1360 1343 1433 solos
1363 1360 1611 1458 pedunculos
1636 1385 1742 1435 nunc
1765 1363 1920 1436 insolito

221 1506 336 1559 more
359 1487 487 1579 erigi,
529 1506 636 1558 nunc
659 1484 843 1583 deprimi,
884 1508 992 1560 nunc
1020 1484 1165 1561 inflecti
1190 1497 1234 1559 et
1257 1509 1364 1561 nunc
1391 1492 1667 1583 contorqueri,
1714 1491 1782 1563 vel
1802 1492 1922 1565 etiam

139 1706 152 1723 θ
220 1612 318 1685 alias
343 1613 552 1710 proximas
580 1622 716 1708 partes
735 1613 1006 1686 inconsuetum
1028 1623 1287 1706 augmentum
1308 1637 1450 1713 capere
1472 1615 1668 1690 videmus.
1731 1614 1923 1690 Omnium

221 1750 355 1813 autem
375 1735 688 1832 frequentissime
715 1741 755 1811 in
776 1739 859 1812 solo
879 1738 983 1813 flore
1004 1739 1310 1814 soecundationis
1332 1737 1499 1813 effenus
1520 1740 1807 1823 manifestatur,
1833 1762 1924 1815 cum

220 1865 297 1938 scil.
319 1866 434 1938 brevi
461 1863 567 1961 post,
593 1863 758 1938 corollae
779 1864 899 1939 decor
921 1867 1044 1963 perit,
1070 1886 1196 1958 eaque
1213 1865 1373 1949 decidit,
1407 1867 1568 1941 stamina
1587 1871 1704 1941 etiam
1723 1866 1922 1951 defluunt,

222 1990 424 2084 &stigma
449 1989 667 2081 exarescit,
716 1993 813 2084 quin
838 1994 916 2091 ipse
934 1991 1064 2086 stylus
1089 1992 1193 2066 haud
1223 1992 1317 2065 raro
1346 1992 1549 2077 aboletur,
1589 1996 1657 2077 ita,
1693 2004 1737 2068 ut
1763 1993 1811 2067 de
1835 2003 1922 2067 toto

223 2115 339 2192 floris
361 2124 523 2208 ornatu,
555 2115 651 2188 nihil
669 2115 834 2213 supersit
852 2129 1004 2217 praeter
1026 2120 1230 2201 orarium,
1261 2119 1367 2211 quod
1387 2120 1746 2214 solumbenignea
1772 2120 1923 2194 saecun·

223 2242 384 2317 datione
405 2243 573 2315 habetur
599 2252 719 2335 atque
741 2246 874 2319 varias
898 2246 965 2319 fibi
984 2246 1185 2342 proficuas
1208 2248 1418 2342 experitur
1437 2248 1702 2329 mutationes,
1727 2268 1819 2339 quae
1835 2241 1923 2340 ejus

222 2378 305 2443 tam
330 2381 552 2453 externas,
576 2390 696 2462 quam
719 2373 897 2446 internas
924 2370 1102 2444 afficiunt
1124 2383 1273 2467 partes.

318 2580 521 2658 Externae
542 2586 807 2667 mutationes,
838 2576 1089 2657 'concernunt
1107 2578 1344 2678 potissimum
1359 2570 1501 2676 justam
1526 2583 1656 2659 ovarii
1675 2581 1844 2674 figuram
1863 2591 1922 2656 at-

220 2729 302 2802 que
327 2712 650 2804 magnitudinem.
702 2710 912 2787 Costanter
935 2732 1079 2806 nempe
1105 2731 1127 2780 a
1151 2708 1445 2783 foecundatione
1478 2712 1660 2785 ovarium
1687 2703 1836 2803 majora
1864 2734 1922 2783 ca-

220 2839 281 2934 pit
301 2824 570 2923 incrementa',
606 2841 699 2933 quia
712 2839 878 2932 reliquis
896 2833 1210 2910 frustisrcationis
1230 2837 1408 2931 partibus
1431 2834 1671 2911 subtrattum
1695 2838 1922 2909 nutrimen·

219 2972 327 3047 tum,
355 2964 396 3036 in
410 2963 447 3038 id
471 2965 594 3063 ipsum
616 2966 801 3058 dirigitur
823 2972 967 3047 totum,
991 2973 1039 3038 ut
1052 2961 1266 3038 necessario
1283 2963 1496 3038 secundum
1513 2983 1654 3037 omnes
1673 2962 1761 3035 suas
1780 2960 1926 3036 dimen-

218 3088 354 3165 siones
382 3095 522 3185 augeri
546 3091 697 3166 debeat.
747 3089 826 3165 Sed
847 3112 935 3164 cum
957 3091 1033 3164 hoc
1055 3099 1271 3182 augmento
1293 3090 1371 3187 ipsa
1400 3112 1561 3184 quoque
1586 3085 1674 3184 ejus
1700 3091 1923 3182 integratur

217 3217 373 3311 figura,
412 3218 629 3316 &pristina
648 3206 750 3317 saepe
770 3221 823 3291 ita
844 3227 1045 3301 mutatur,
1076 3228 1122 3291 ut
1149 3227 1286 3314 partes
1309 3218 1515 3300 oriantur,
1550 3239 1719 3310 quarum
1738 3216 1778 3286 in
1796 3216 1922 3308 virgi-

218 3364 300 3417 neo
331 3346 473 3419 ovario
500 3368 553 3419 ne
580 3346 790 3440 vestigium
813 3346 971 3438 quidem
999 3343 1143 3418 adfuit:
1186 3343 1237 3417 lic
1260 3344 1353 3426 alae,
1391 3341 1537 3426 cristae,
1569 3345 1760 3424 murices,
1789 3341 1923 3433 -hami,

218 3477 465 3564 tomentum,
496 3495 652 3571 pappus
670 3473 890 3571 prodeunt,
923 3492 1014 3564 quae
1038 3473 1199 3568 penitus
1223 3492 1370 3544 novam
1394 3471 1535 3545 ovario
1563 3468 1734 3541 induunt
1751 3469 1922 3541 sormam

218 3605 263 3669 et
283 3618 376 3690 quae
399 3619 601 3691 nunquam
628 3601 666 3671 iu
687 3595 936 3696 conspectum
963 3596 1159 3671 venissent
1182 3599 1332 3690 absque
1353 3596 1668 3678 soecundatione3
1700 3592 1769 3667 etsi
1790 3592 1921 3669 striste

218 3721 421 3817 loquendo
451 3746 532 3798 non
558 3725 641 3823 ipli,
680 3726 744 3798 sed
767 3727 943 3801 excitato
965 3724 1099 3798 saltem
1121 3745 1195 3820 per
1217 3723 1323 3798 illam
1348 3718 1491 3817 majori
1518 3721 1736 3794 humorum
1759 3721 1807 3793 ad
1832 3730 1920 3793 utc-

219 3871 311 3924 rum
332 3848 504 3923 affluxui
529 3852 757 3927 debeantur.

319 4061 498 4137 Internae
524 4071 660 4139 autem
676 4067 918 4139 mutationes
937 4056 1101 4158 majoris
1126 4061 1218 4136 sunt
1231 4061 1424 4136 momenti
1447 4066 1488 4133 et
1508 4052 1918 4153 generatimsubst'an-

222 4188 335 4280 tiam,
368 4188 651 4274 loculamenta,
676 4190 715 4264 δι
736 4192 894 4264 seminis
915 4190 1228 4287 receptaculum,
1254 4198 1396 4287 utpote
1418 4190 1602 4285 proprias
1624 4190 1750 4260 ovarii
1771 4196 1918 4285 partes,
1949 4199 1950 4204 ’

220 4315 417 4389 attinent:
459 4337 552 4390 nam
576 4317 625 4391 de
646 4318 780 4392 ovulis
802 4315 961 4393 seorfim
986 4315 1174 4390 dicemus,
1238 4312 1438 4419 Substantia
1464 4316 1590 4390 ovarii
1624 4315 1796 4407 virginci
1824 4335 1918 4386 con-

220 4436 371 4515 stanter
390 4440 521 4517 mollis
539 4444 578 4516 dc
596 4444 788 4520 herbacea
808 4444 881 4527 est,
922 4465 995 4518 nec
1020 4441 1092 4515 nifi
1116 4442 1256 4516 rudem
1280 4453 1321 4516 et
1341 4441 1734 4542 parencliymatosam
1756 4440 1920 4513 exhibet

220 4563 487 4653 sttutturam3
537 4570 626 4667 post
647 4571 981 4644 soecundationem
1010 4577 1143 4642 autem
1175 4570 1383 4645 corticales
1414 4594 1436 4641 a
1471 4566 1751 4642 medullaribus
1781 4566 1919 4639 discri-

219 4695 427 4766 minantur
444 4707 599 4792 partes‚
641 4710 681 4773 et
698 4721 818 4771 novae
834 4697 1036 4795 prodeunt
1058 4695 1171 4768 fibrae
1195 4706 1236 4770 et
1262 4697 1417 4795 copiosa
1438 4695 1726 4785 subnascuntur
1744 4693 1856 4775 vasa,
1876 4717 1919 4785 ‚e

220 4820 367 4912 quibus
392 4825 493 4895 retia
516 4835 558 4896 et
581 4823 735 4897 cellulae
754 4824 999 4907 formantur,
1039 4821 1284 4897 advehendis
1306 4834 1347 4898 et
1364 4819 1660 4902 distribuendis,
1699 4819 1766 4894 vel
1789 4828 1829 4891 et
1854 4841 1918 4890 re·

219 4942 427 5023 sorbendis
462 4950 699 5027 humoribus
732 4951 931 5049 adaptata,
958 4951 1079 5025 -unde
1103 4949 1178 5024 alia
1199 4953 1354 5034 ovaria,
1395 4968 1488 5063 quo·
1508 4949 1634 5040 magis
1667 4946 1917 5055 adolescunt,

1054 5076 1083 5150 h
1619 5138 1625 5148 ,
1808 5079 1920 5144 tanto
