4866 6068
1220 420 1528 538 τεῇ-

1363 706 1379 739 e

667 807 717 873 a.)
740 801 850 871 capsula
868 797 981 863 integra.
1023 793 1048 846 b.
1062 791 1114 859 C.)
1134 790 1238 844 Eadem
1257 793 1333 861 apice
1352 790 1497 843 dehiscens.
1539 783 1595 852 D.)
1617 782 1685 852 Ejus
1697 784 1773 840 seftio
1787 787 1979 846 transversalis.
2023 802 2047 844 e.
2062 787 2102 854 i.)
2122 785 2224 843 Valvu·

668 898 842 956 laedidufrae,
866 911 925 948 cum
943 889 1125 958 diisepimento
1146 890 1341 953 longitudinali.
1390 893 1437 953 g.)
1459 884 1569 937 Semina
1590 883 1619 935 in
1645 882 1693 936 litu
1712 887 1844 939 naturali:
1883 886 2014 941 umbilicis
2041 887 2094 939 scil.
2118 886 2223 940 duobus

668 998 785 1057 sursum,
804 995 831 1047 δι
853 992 957 1044 duobus
980 987 1103 1039 deorsum
1120 986 1208 1039 verbs.
1251 988 1276 1039 li.
1291 987 1352 1050 H.)
1371 982 1487 1038 Seminis
1507 984 1579 1035 latus
1592 980 1704 1047 dorlale.
1753 984 1772 1037 i.
1787 985 1831 1051 l.)
1849 984 1980 1052 Ejusdem
2001 999 2065 1053 pars
2086 986 2224 1043 ventralis.

667 1094 721 1160 K.)
743 1092 875 1143 Albumen
896 1086 1046 1142 transverse
1065 1084 1177 1148 felium,
1204 1100 1265 1138 cum
1287 1084 1434 1150 enrbryone
1453 1082 1481 1134 in
1502 1081 1610 1150 propria
1628 1080 1675 1133 sua
1694 1083 1818 1139 cavitate.
1869 1082 1922 1153 L.)
1947 1082 2068 1150 Emtmyo
2088 1083 2223 1154 separatus

665 1191 695 1244 dc
715 1188 851 1256 inigniter
869 1185 970 1238 aulius.

622 1314 798 1390 simillima
830 1316 907 1384 huic
928 1306 1048 1381 fabrica
1075 1303 1194 1403 gaudet
1217 1328 1351 1403 quoque
1373 1298 1497 1374 frudius
1517 1301 1737 1376 Conrmeiinae
1760 1306 1941 1399 virginicae3
1975 1298 2079 1403 sedfflei
2099 1301 2226 1407 capside

673 1411 772 1510 paulo
791 1418 915 1502 major,
940 1404 1102 1483 albicans,
1128 1410 1162 1475 ὅ(
1183 1396 1306 1472 semina
1322 1405 1425 1498 magis
1451 1394 1568 1498 rugosa
1589 1429 1626 1473 ac
1648 1396 1982 1500 spadiceooeinerea„

527 1574 810 1645 connum
843 1553 1001 1631 tuberosa.
1027 1553 1103 1627 ibid.

626 1685 835 1768 Commelinn
859 1684 975 1760 radice
993 1678 1333 1795 anacampserotidis.
1364 1683 1488 1751 Dri'c.
1509 1675 1540 1752 l.
1560 1675 1639 1753 elli.
1650 1704 1713 1778 94.
1734 1692 1759 1756 l.
1778 1699 1834 1779 79.
1842 1677 1877 1775 f.
1893 1705 1951 1779 9⁰·

628 1813 836 1895 Commelino
855 1806 993 1884 corollis
1009 1801 1204 1905 equalibus,
1221 1803 1324 1902 soliis
1332 1802 1495 1910 seffilibur
1516 1817 1621 1881 ovato
1650 1803 1850 1882 lanceolam
1855 1804 2065 1905 subtilitatis.
2097 1813 2225 1884 Lrurc.

664 1914 748 2016 sest·
770 1935 845 2005 vta·
863 1931 924 2007 94·

653 2034 793 2136 capsula
808 2051 905 2105 ovato
923 2032 1128 2107 acuminata,
1148 2022 1188 2096 de
1213 2020 1415 2110 ressiuscula,
1440 2024 1573 2100 bivalvis
1602 2032 1644 2123 (a
1662 2032 1746 2122 A),
1771 2025 1962 2101 trilocularis
1988 2032 2108 2124 (lt).
2141 2032 2227 2107 ¹Vai-

670 2133 752 2208 *vula
765 2132 947 2233 superior,
969 2151 1026 2223 per
1045 2120 1172 2222 septum
1187 2051 1423 2220 ibngirudinale
1438 2130 1473 2195 in
1488 2125 1555 2197 duo
1574 2125 1795 2198 loculamenta
1811 2120 1929 2213 divisa3
1953 2125 2099 2222 inferior
2116 2148 2225 2202 autem

673 2230 906 2310 unilocuiaris,
938 2219 1031 2322 supra
1049 2221 1164 2294 leviter
1184 2245 1324 2291 concava
1350 2221 1463 2319 (C),
1493 2217 1596 2294 infera
1611 2249 1758 2294 convexa
1785 2228 1903 2316 (D),
1935 2218 2050 2294 semini
2069 2228 2155 2297 ardle
2174 2227 2226 2298 ad·

674 2346 758 2403 nata.
831 2328 982 2403 Semina,
1012 2324 1045 2389 in
1067 2314 1196 2414 [iugulo
1212 2316 1514 2390 loculamentorum
1542 2316 1773 2419 superiorum,
1809 2325 1943 2416 gemina
1960 2327 2016 2415 (e.
2036 2328 2096 2413 Ε.)
2121 2321 2227 2395 tuber·

675 2423 784 2497 colato
802 2416 934 2519 rugosa,
963 2413 1157 2513 ferruginea.
1208 2421 1246 2487 In
1270 2410 1416 2486 inferiori
1439 2415 1663 2488 loculamento
1687 2412 1799 2488 semen
1816 2422 1971 2501 unicum,
2006 2414 2142 2515 capsulae
2164 2419 2227 2493 val·

676 2521 753 2594 vula
776 2527 826 2617 (c.
848 2526 888 2593 C.
910 2523 954 2591 D.
977 2519 1036 2607 F.)
1061 2511 1230 2595 vellimur,
1253 2511 1457 2611 ellrpticum,
1485 2513 1661 2610 glabrum,
1685 2511 2135 2613 lenticulari·coinprelium,
2162 2514 2228 2615 spa·

677 2616 820 2696 diceum.
871 2612 1041 2692 Albumen
1059 2614 1123 2705 (G.
1147 2614 1216 2703 H.)
1241 2601 1344 2706 figurb
1363 2605 1545 2694 seminum,
1577 2611 1833 2709 cartilagineurn.
1884 2609 2036 2703 Embryo
2054 2619 2109 2703 (G.
2126 2619 2171 2686 H.
2185 2619 2227 2708 l.)

674 2716 847 2788 trochleari
869 2710 1084 2804 cylindricus,
1119 2713 1152 2776 in
1167 2703 1343 2779 seminibus
1357 2702 1595 2806 superioribus,
1620 2705 1758 2780 lateralis
1774 2711 1836 2803 (E.
1857 2712 1943 2804 G.)3
1972 2715 2007 2781 in
2021 2705 2146 2784 semine
2156 2707 2227 2786 soli·

673 2818 755 2884 tario
774 2833 885 2884 autem
904 2803 1035 2880 dorsalis
1056 2809 1112 2898 (F.
1133 2808 1203 2897 H.)

527 2949 824 3019 Commnirmn
857 2931 1007 3007 africana.
1037 2927 1116 3004 ibid.

627 3060 834 3144 Commeline
864 3053 1002 3134 corollis
1030 3049 1276 3151 inaequalibus.
1322 3053 1654 3156 foliis[laneeolotis
1675 3054 1836 3157 ‘glabrim
1888 3059 1982 3136 caule
2009 3058 2228 3143 decumbente.

673 3169 803 3236 eruru.
826 3158 907 3261 sysl.
935 3178 1011 3248 veg.
1033 3175 1095 3250 94.

625 3282 764 3387 Capsula
784 3301 877 3356 ovata
902 3278 993 3379 (a),
1015 3275 1149 3350 bivalvit
1168 3272 1235 3446 (b.
1255 3280 1308 3369 c.)
1337 3276 1548 3361 triloeularis,
1580 3273 1736 3352 sirudiurir
1755 3287 1895 3355 omnino
1919 3283 2145 3381 praecedentis,
2176 3283 2230 3360 sed

675 3382 779 3482 duplo
802 3385 918 3472 major.
969 3380 1102 3450 Semina
1127 3379 1163 3445 in
1191 3372 1395 3471 uperioribus
1419 3373 1648 3449 loculamentis
1667 3382 1755 3469 (C.)
1780 3376 1871 3457 bina.
1904 3403 1994 3453 terna
2013 3381 2035 3457 l.
2057 3403 2229 3482 quaterna,

675 3477 898 3558 teretiuscula,
938 3471 1049 3572 glabra
1073 3474 1089 3560 (
1098 3478 1164 3563 e),
1200 3468 1359 3541 umbilico
1376 3470 1509 3571 quidem
1527 3472 1568 3544 ad
1585 3472 1666 3545 larus
1686 3493 1817 3559 notata,
1842 3471 1896 3547 sed
1916 3472 2043 3575 semper
2066 3480 2229 3556 sterilia&

675 3575 859 3666 embryone
880 3568 970 3645 orba.
1020 3575 1141 3641 Semen
1155 3567 1369 3640 locularnenti
1386 3564 1548 3642 inferioris
1573 3571 1678 3669 (D.)
1701 3566 1809 3643 solum
1829 3567 1952 3658 fertile,
1981 3585 2014 3650 ἀ
2039 3597 2149 3651 totum
2165 3578 2230 3652 val.

672 3673 749 3748 vula
768 3670 828 3745 sibi
848 3670 962 3742 adnata
985 3666 1159 3748 vestitum,
1186 3664 1366 3761 ellipticum
1391 3661 1468 3760 (f),
1498 3663 1592 3763 supra
1612 3667 1748 3766 planum
1765 3676 1797 3742 ὅ(
1817 3676 1981 3766 margine,
2013 3701 2052 3746 εχ
2070 3674 2228 3761 palmia,

672 3768 926 3844 membranaceo
951 3767 1042 3860 (C.)
1070 3766 1235 3848 cindlurn3
1265 3758 1350 3834 infra
1377 3790 1583 3847 convexum,
1619 3763 1781 3837 umbilico
1802 3765 1842 3838 ad
1865 3767 1946 3840 latus
1967 3767 2008 3861 (f
2013 3775 2032 3863 )
2061 3792 2209 3845 notatum

672 3864 918 3965 ferrugineum,
950 3882 1004 3935 aut
1027 3856 1224 3959 spadiceum.
1289 3858 1458 3933 Alburnen
1493 3866 1583 3957 (G.)
1612 3857 1728 3934 semini
1750 3859 1943 3950 conforme,
1970 3835 2229 3969 cartilaginem}

669 3964 823 4055 Embryo
849 3965 941 4058 (H.)
969 3979 1006 4030 ut
1025 3964 1059 4028 in
1081 3953 1346 4056 praecedentibus.

527 4099 584 4169 Co
596 4118 623 4166 rr
636 4116 664 4164 n
675 4117 693 4161 ε
704 4117 722 4159 i
734 4115 746 4159 r
757 4116 781 4159 n
794 4115 816 4159 n
848 4095 1003 4161 Zanonia.
1023 4081 1102 4156 ibid.

625 4211 894 4311 Periclymenum
916 4207 1039 4284 relicere
1059 4203 1275 4300 herbaceum,
1297 4206 1475 4301 gentiano
1488 4204 1608 4302 folio.
1624 4210 1711 4307 solii
1721 4209 1885 4313 pediculo
1905 4216 2033 4294 coelem
2051 4214 2228 4297 ambiente.

671 4317 807 4384 Sronn.
831 4309 902 4410 list.
916 4312 1006 4401 jam.
1028 4332 1057 4379 1.
1076 4330 1209 4406 p.243.
1231 4317 1257 4378 t.
1282 4327 1361 4404 147.
1379 4301 1413 4397 f.
1436 4329 1464 4377 r.

624 4432 834 4547 Conrmeline
861 4428 1238 4545 ιεονοίίίῃαεᾳιιᾳῐὶἱκις,
1277 4422 1474 4543 pedunculis
1494 4434 1707 4548 interessetis,
1739 4436 1845 4534 soliis
1867 4438 2088 4520 lanceololis:
2126 4442 2229 4542 vagi.

672 4556 726 4609 nte
746 4528 885 4607 tumidis
903 4552 1059 4622 mergere
1079 4527 1249 4626 hirsutis,
1282 4526 1427 4605 brailes
1442 4555 1600 4625 gemunt.
1628 4542 1762 4613 LINN.
1780 4538 1864 4641 syfl
1891 4566 1967 4637 mg,
1990 4566 2055 4643 94,

691 4664 741 4731 Ex
764 4658 861 4727 horto
884 4658 974 4749 regio
991 4650 1157 4726 Keueensr.
1181 4730 1186 4739 ,

621 4784 756 4864 Frudius
772 4779 909 4861 baccati,
934 4773 1052 4849 selliles
1070 4776 1104 4847 in
1124 4799 1257 4846 racemo
1275 4776 1437 4850 terminali
1461 4781 1518 4872 (b.
1535 4778 1566 4859 b.
1615 4800 1732 4869 ovato,
1755 4781 1891 4865 bradieis
1906 4785 2030 4863 duabus
2052 4786 2231 4873 floralibus,

668 4879 816 4963 reflexis,
847 4871 913 4949 basi
938 4875 1064 4974 stipato.
1117 4880 1225 4950 Bacca
1238 4866 1381 4972 spuriae,
1418 4901 1540 4974 purpur
1572 4885 1680 4952 centi·
1697 4900 1795 4970 atrae,
1849 4878 1999 4973 formata
2030 4913 2070 4958 ex
2107 4886 2231 4959 corolla

2028 4987 2098 5080 (ὃ)
2129 5005 2232 5067 ‘1³⁰⁸‘
