4878 6064
500 484 636 546 ceum
677 515 685 536 ι
1188 457 1491 544 2-ae

501 693 712 780 verilimile
728 692 801 782 est,
826 692 933 792 quod
954 694 1074 769 etiam
1099 697 1225 770 variae
1247 698 1335 771 aliae
1359 698 1507 795 plantae
1528 689 1841 791 imperfectiores
1857 688 1905 765 ad
1923 691 2026 764 hanc
2043 687 2195 764 tribum

501 825 697 928 spedtent,
729 845 820 918 quae
839 820 933 896 oiim
957 839 1097 895 omnes
1126 821 1176 894 ad
1196 821 1601 916 monocotyledoneas
1625 820 1762 893 relatae
1786 817 1961 891 fuerunt.
2008 815 2195 910 Denique

503 956 622 1031 etiam
638 948 881 1031 notandum,
909 943 1017 1038 quod
1040 966 1141 1020 vera
1162 945 1307 1022 semina
1329 945 1632 1041 dicotyledonea
1656 944 1895 1038 quandoque
1916 944 2076 1017 mentiri
2097 963 2193 1036 que·

501 1087 571 1154 ant
599 1070 981 1178 polycotyledonea,
1007 1092 1099 1144 eum
1125 1091 1270 1168 nempe
1294 1070 1460 1145 nucleus
1482 1094 1558 1170 per
1574 1070 1853 1145 abundantiam
1874 1069 2127 1151 nutrimenti,
2152 1070 2193 1142 in

501 1207 638 1283 varios
655 1202 770 1276 lobos
787 1196 1048 1291 irregulares,
1073 1206 1122 1269 ut
1138 1199 1178 1268 in
1198 1193 1426 1288 lVlangifera
1448 1196 1674 1280 domestica,
1703 1205 1773 1270 aut
1801 1198 1843 1268 in
1862 1190 2081 1270 bratteolas
2106 1215 2192 1291 par·

499 1316 601 1413 uas,
628 1331 733 1401 inter
749 1327 882 1402 senon
896 1321 1167 1407 cohaerentes,
1192 1332 1239 1396 ut
1254 1326 1293 1395 in
1315 1321 1430 1397 Citro
1438 1320 1642 1407 decumana,
1665 1325 1860 1420 partitum
1884 1320 1948 1395 sed
1970 1316 2057 1395 haee
2074 1317 2193 1392 fabri-

388 1551 392 1557 Ι
501 1479 546 1530 ca
559 1454 656 1530 adeo
677 1461 816 1552 aperte
833 1445 1146 1535 monstrosaest,
1172 1459 1218 1523 ut
1237 1448 1303 1526 vel
1319 1448 1468 1526 leuiter
1493 1449 1602 1529 hisce
1622 1450 1662 1524 in
1680 1448 1804 1526 rebus
1832 1447 2032 1525 versatum
2054 1443 2194 1520 fallere

499 1603 584 1665 non
599 1577 728 1680 pouit

505 1758 511 1767 .
599 1789 821 1886 AEqualitas
841 1788 946 1861 inter
968 1784 1065 1859 duas
1087 1792 1157 1860 aut
1178 1730 1318 1885 plures
1335 1787 1456 1863 unius
1478 1786 1637 1885 leminis
1659 1783 1922 1882 cotyledones
1944 1779 2193 1882 scrupulosis·

501 1921 596 2005 lime
621 1941 644 1992 a
662 1911 819 1989 Natura
827 1913 1034 1999 servatur,
1059 1919 1105 1984 ut
1116 1932 1197 1985 una
1215 1911 1576 2006 nehilumquidem
1591 1935 1615 1985 a
1630 1912 1795 2006 reliquis
1807 1910 1973 1986 differat.
2023 1909 2071 1981 In
2091 1928 2192 1981 non-

501 2046 621 2131 nullis
644 2053 779 2122 tamen
799 2039 1012 2116 discrimen
1035 2036 1169 2121 datur,
1199 2036 1238 2111 dr
1258 2037 1416 2130 quidem
1436 2044 1487 2110 1⁰.
1504 2039 1785 2133 magnitudinis
1803 2037 1843 2113 &
1860 2032 2037 2110 craffitiei
2059 2032 2192 2115 simul,
2334 2041 2338 2049 ’

498 2180 549 2249 ut
564 2173 610 2243 ‘in
630 2164 802 2249 Sitodio,
829 2162 1153 2261 Cardiospermo‚
1180 2161 1456 2258 Ventilagine,
1483 2162 1616 2264 Trapa
1636 2165 1707 2239 &c
1743 2169 1802 2238 2⁰.
1826 2160 2107 2256 magnitudinis
2131 2157 2192 2231 so-

500 2296 602 2380 lius,
626 2297 667 2368 in
694 2287 849 2382 Gaura,
875 2287 1125 2384 lVlemecylo,
1156 2286 1366 2374 Aubletia,
1391 2289 1558 2374 Rivina,
1584 2288 1771 2388 Lepidm,
1796 2289 1991 2370 canario,
2017 2282 2192 2379 Siliquo-
2234 2268 2240 2277 ⁹

500 2421 552 2497 fis
567 2418 796 2501 nonnullus
820 2413 860 2489 ἃ
876 2419 930 2506 3⁰.
946 2413 1127 2514 craffitiei
1139 2414 1281 2499 solius,
1306 2425 1354 2491 ut
1380 2418 1420 2489 in
1446 2412 1642 2516 Sapindo,
1668 2413 1864 2499 Cannabi,
1887 2411 2139 2511 Asperifoliis
2153 2407 2193 2483 &

499 2544 772 2625 Verbenaceis
789 2542 928 2619 variis.
977 2535 1059 2615 Sed
1074 2561 1194 2615 omne
1206 2540 1284 2615 hoc
1295 2541 1508 2617 discrimen
1525 2546 1564 2616 in
1580 2544 1784 2643 plerisque
1806 2543 1883 2616 cito
1904 2561 1978 2636 per
1994 2538 2191 2632 germina-

378 2721 380 2724 ι
499 2670 652 2748 tionem
674 2669 876 2760 aboletur,
910 2675 1030 2760 atque
1051 2667 1228 2742 evolutae
1251 2663 1429 2762 ejusdem
1456 2669 1616 2744 seminis
1647 2666 1908 2765 cotyledones
1929 2662 2014 2739 fere
2038 2662 2192 2761 semper

500 2801 608 2885 inter
616 2796 659 2885 [se
673 2795 856 2903 ¹aequales
877 2768 1003 2877 &fibi
1023 2790 1231 2877 srm³illimae
1249 2791 1612 2904 deprehenduntur,

598 3024 808 3109 Craffities
835 3032 971 3101 autem
984 2988 1270 3122 cotyledonum
1293 3030 1568 3106 involuerum
1591 3032 1809 3127 generatim
1821 3026 1973 3128 triplex
1990 3023 2106 3100 statui
2123 3047 2192 3123 po·
2350 3076 2357 3083 -

497 3156 599 3234 test:
625 3154 789 3229 foliacea
804 3152 880 3228 scil.
903 3151 1118 3252 compress'a
1135 3160 1256 3247 atque
1276 3158 1443 3251 turgida.
1500 3154 1667 3253 Turgida
1685 3146 1944 3253 cotyledones
1964 3176 1986 3225 a
2003 3162 2118 3250 parte
2135 3151 2191 3224 al-

497 3281 738 3380 teraplanae
761 3265 1007 3354 &etaltera
1029 3299 1227 3353 convexae
1248 3280 1357 3366 sunt,
1383 3283 1424 3358 δι
1442 3307 1465 3357 a
1485 3286 1651 3383 propria
1672 3285 1738 3358 sua
1755 3282 1885 3357 forma
1907 3282 2093 3356 dicuntur
2108 3277 2192 3376 spe·

499 3410 630 3484 eiatim
639 3401 921 3506 semicylirdricae
936 3406 975 3478 in
1001 3398 1167 3490 Solano‚
1193 3401 1470 3505 hemisphaerica,
1497 3412 1538 3482 in
1555 3407 1807 3506 Thymelaea,
1832 3403 2134 3481 dimidato-ovate
2152 3409 2192 3476 in

498 3532 702 3631 Scytalia3
727 3533 767 3608 &
779 3526 953 3628 gibba-in
975 3529 1210 3627 Pygeauc.
1231 3532 1452 3635 Compreffoe,
1478 3534 1651 3611 medium
1676 3539 1781 3609 inter
1798 3531 1976 3627 turgidas
1998 3540 2116 3623 atque
2136 3528 2193 3603 fo-

496 3662 642 3735 liaceas
663 3667 805 3733 tenent
823 3658 978 3742 locum,
1003 3656 1043 3731 tr
1062 3659 1252 3752 utrinque
1272 3659 1531 3758 planiusculae
1557 3662 1666 3747 sunt,
1691 3683 1765 3737 nec
1782 3660 1995 3736 muituma
2018 3656 2193 3730 foliaoeis

497 3785 710 3870 differunt,
735 3782 809 3859 nili
839 3782 948 3878 quod
977 3786 1111 3860 minus
1142 3784 1303 3862 flexiles
1328 3786 1430 3862 srnt:
1461 3790 1502 3861 in
1532 3782 1709 3872 Selenio,
1735 3785 1944 3868 -Neurada,
1979 3778 2192 3877 aloem,

496 3908 670 3995 Basella,
698 3906 863 3985 Tribulo
881 3908 954 3984 dre.
1006 3905 1176 3987 Foliarra
1196 3911 1368 4007 denique
1385 3937 1483 3989 vera
1505 3912 1848 3988 aemulanturfolia
1861 3910 1903 3986 dr
1925 3910 2029 4005 saepe
2049 3907 2191 3983 tenum

492 4034 605 4123 fimae
625 4038 733 4122 sunt,
762 4043 810 4111 ut
834 4038 874 4110 in
894 4033 1185 4133 Elaeodendro,
1209 4036 1432 4135 Nelumbo,
1463 4036 1565 4112 Tilia
1583 4039 1623 4115 δι
1639 4038 1860 4114 Maluaceis
1881 4036 2094 4135 plerisque.

592 4276 863 4373 Magnitudini
879 4279 997 4352 etiarn
1020 4276 1181 4353 istarum
1204 4277 1489 4374 cotyledonum
1516 4285 1601 4357 nes
1623 4278 1691 4355 vel
1708 4286 1884 4373 quatuor
1899 4277 2048 4371 gradus
2069 4299 2191 4372 gene-

495 4405 613 4479 ratim
631 4404 752 4479 tribui
770 4402 938 4503 poliunt,
988 4402 1164 4480 Maxima
1177 4426 1324 4502 nempe
1344 4403 1456 4487 sunt,
1478 4426 1576 4498 quae
1593 4405 1661 4479 suo
1679 4404 1902 4487 volumine,
1928 4403 2012 4479 five
2029 4403 2125 4478 illud
2143 4383 2189 4477 r‘e

495 4551 597 4608 vera
619 4529 791 4637 grande,
821 4529 905 4605 save
934 4528 1233 4605 minutiliimum
1261 4530 1332 4616 fit,
1370 4539 1495 4606 totam
1525 4531 1683 4606 seminis
1711 4529 1848 4605 testam
1876 4527 2051 4626 replent,
2077 4540 2123 4604 ut
2145 4552 2191 4604 ea

493 4665 648 4753 aperta,
683 4657 740 4730 nil
767 4653 839 4730 nifi
857 4650 1122 4750 cotyledones
1144 4655 1374 4730 &radicula
1397 4657 1437 4728 in
1463 4655 1713 4756 conspettum
1733 4658 1917 4730 veniant:
1952 4655 2045 4729 hinc
2063 4657 2190 4728 omni-

492 4781 570 4857 hus
582 4781 670 4873 fere
690 4782 902 4857 seminibus
921 4780 1232 4859 exelbuminofis
1246 4791 1481 4878 competunt
1503 4784 1767 4880 cotyledones
1783 4783 1987 4865 maximae,
2012 4790 2058 4855 ut
2069 4778 2191 4856 Com-

491 4905 648 5009 positis,
673 4906 952 4993 Verticillatis,
978 4905 1339 5007 Siliquofls&adiis
1354 4905 1548 5007 plurimis.
1589 4906 1785 4991 Mediocre
1801 4911 2070 5015 appellantur,
2097 4928 2190 5002 quae

1086 5047 1088 5051 ’
2056 5035 2187 5133 longi·
