4852 6062
490 448 525 498 11

489 630 628 704 foetus.
678 622 864 702 Priorem
883 622 1063 702 nascendi
1085 621 1272 717 modum,
1308 620 1654 726 Geminificationmi,
1686 623 1950 723 posteriorem
1972 634 2107 702 autem
2132 627 2200 705 Gr-

489 758 701 834 serationem
717 754 742 827 l.
756 750 1068 854 Frassificationem
1085 750 1285 849 appellare
1302 751 1446 843 solent,
1470 750 1577 844 quod
1592 773 1647 826 ex
1663 750 1735 824 isto
1745 750 1911 845 Genimae,
1942 777 1997 827 ex
2011 755 2088 827 lioc
2099 779 2200 832 vero

490 882 654 976 Semina,
684 882 764 957 duo
791 883 938 978 quippe
960 875 1157 952 notissima
1177 877 1241 953 iila
1262 880 1564 978 propagationis
1585 880 1626 953 in
1646 902 1775 976 regno
1796 881 2009 975 vegetabili
2032 903 2200 977 organa,

489 1012 599 1087 suam
623 1009 785 1084 trahant
803 1008 1013 1102 originem.

588 1202 761 1281 Diversa
775 1199 873 1278 adeo
891 1200 999 1273 initia
1016 1197 1107 1298 ipsis
1124 1219 1286 1293 quoque
1303 1182 1450 1275 exinde
1470 1199 1763 1298 prodeuntibus
1785 1202 1950 1293 organis
1968 1197 2069 1276 'satis
2084 1209 2199 1276 nota-

490 1331 611 1407 bilem
629 1330 824 1405 inducunt
839 1324 1128 1412 diversitatem,
1153 1336 1200 1400 ut
1216 1327 1456 1425 plerumque
1475 1328 1573 1401 nihil
1589 1324 1637 1399 lit
1655 1324 1826 1409 facilius,
1853 1348 1971 1420 quam
1986 1350 2198 1422 gemmam,

490 1460 561 1538 vel
580 1459 712 1557 primo
734 1450 906 1553 aspectu,
931 1452 1112 1527 aseiuine
1134 1453 1368 1529 discernere.
1417 1434 1763 1548 Quemadmodum
1779 1475 1884 1530 vero
1901 1456 2079 1547 origines
2096 1455 2198 1540 istae,

491 1589 530 1660 in
545 1588 632 1659 aliis
655 1586 820 1683 plantis,
847 1575 1165 1655 manifestissimae
1185 1580 1225 1655 bt
1246 1578 1353 1674 quasi
1371 1580 1551 1654 manibus
1571 1581 1788 1681 palpabiles
1801 1582 1909 1664 sunt,
1934 1590 2075 1668 contra
2094 1604 2198 1657 vero

491 1716 530 1786 in
545 1713 633 1786 aliis
648 1714 774 1804 magis
789 1705 1042 1791 absconditae,
1069 1707 1192 1782 vel&
1209 1709 1261 1781 ita
1276 1729 1419 1806 parum
1440 1708 1487 1781 ab
1504 1708 1678 1781 invicem
1698 1707 1875 1783 discretae
1890 1707 2196 1806 deprehendun-

490 1850 577 1922 tur,
601 1847 649 1911 ut
668 1838 708 1909 in
725 1836 804 1929 his,
831 1833 961 1908 ultimi
981 1835 1327 1928 gemmisicationis
1348 1844 1467 1928 atque
1482 1829 1798 1909 frustificationis
1820 1837 1980 1910 termini
2000 1836 2039 1909 se
2053 1845 2198 1912 mutuo

490 1962 785 2060 contingere&
808 1964 884 2039 vix
906 1982 993 2034 non
1016 1962 1177 2058 penitus
1201 1963 1240 2033 in
1264 1983 1389 2034 unum
1410 1959 1617 2035 confluere
1635 1959 1867 2036 videantur:
1902 1965 1955 2036 ita
1975 1963 2084 2047 sane,
2119 1962 2198 2061 ipsa

489 2115 652 2188 quoque
674 2089 975 2189 propagationis
1000 2110 1150 2182 organa
1169 2109 1250 2160 non
1274 2088 1407 2162 ubivis
1430 2088 1518 2184 pari
1537 2086 1777 2165 diversitatis
1801 2090 1927 2199 gradu
1947 2113 1971 2162 a
1993 2089 2033 2162 se
2055 2097 2197 2161 mutuo

490 2219 649 2303 distant,
687 2240 763 2292 nec
790 2215 998 2291 evidentes
1018 2215 1174 2312 semper
1200 2213 1434 2288 discriminis
1462 2214 1518 2286 sui
1547 2214 1586 2285 in
1618 2215 1754 2292 fronte
1782 2226 1931 2312 gerunt
1955 2228 2094 2302 notua,
2132 2215 2198 2291 sed

435 2425 443 2439 Ι
490 2349 630 2445 plures
646 2346 783 2445 potius
803 2330 948 2418 dantur
960 2341 1088 2425 casus,
1115 2343 1317 2436 inquibus
1336 2352 1444 2416 tanta
1465 2344 1569 2417 inter
1586 2344 1651 2416 illa
1668 2344 1897 2428 intercedit,
1925 2343 1995 2419 vel
2010 2351 2198 2416 externae

396 2469 404 2479 ’
490 2475 650 2567 figurae,
676 2471 744 2546 vel
763 2473 934 2543 internae
948 2466 1125 2552 fabricae,
1149 2468 1272 2544 vel&
1290 2473 1504 2565 utriusque
1528 2469 1810 2556 conformitas,
1838 2482 1886 2546 ut
1907 2472 2071 2545 omnino
2093 2493 2198 2544 non-

487 2619 694 2693 nunquam
713 2595 945 2697 perdifficile
957 2593 1023 2679 sit,
1046 2619 1198 2669 meram
1219 2618 1415 2690 gemmam
1429 2621 1451 2669 a
1464 2619 1566 2672 vero
1581 2597 1726 2670 semine
1746 2593 1987 2680 discernere,
2013 2594 2198 2690 singulis-

488 2751 567 2822 que
593 2726 705 2799 suum
733 2725 811 2797 rite
834 2720 1026 2814 affiguare
1053 2721 1206 2794 locum:
1250 2723 1585 2816 quemadmodum
1608 2723 1701 2814 lioe,
1740 2720 1809 2796 vel
1835 2719 1918 2794 solo
1945 2744 2197 2815 gemmarum

489 2853 644 2947 illarum
658 2846 939 2945 simpliciorum
956 2847 1111 2922 abuude
1128 2848 1320 2923 docemur
1334 2850 1542 2948 exemplo,
1566 2871 1657 2942 quae
1674 2851 1713 2921 in
1730 2848 1877 2945 plantis
1897 2847 2198 2946 imperfestiori-

488 2980 563 3053 bus
582 2977 671 3051 satis
701 2973 953 3068 frequentes,
997 2982 1148 3049 tantam
1177 2997 1268 3048 cum
1290 2970 1468 3070 ejusdem
1493 2974 1647 3050 ordinis
1668 2975 1783 3049 'veris
1812 2976 2025 3051 feminibus
2051 2975 2199 3051 habe-nt

488 3102 798 3184 siiiiilitudinem‚
825 3106 873 3172 ut
891 3098 969 3172 illae
987 3123 1075 3174 cuin
1094 3101 1176 3183 his,
1206 3100 1316 3175 sicuti
1336 3100 1424 3174 haec
1446 3103 1523 3198 ipsa
1542 3124 1632 3175 cuni
1650 3100 1862 3175 seminibus
1878 3099 2197 3199 perfettioribus,

487 3255 571 3305 uno
591 3231 784 3305 continuo
803 3234 925 3319 atque
938 3223 1183 3322 indissolubili
1205 3226 1409 3302 affinitatis
1424 3229 1589 3304 vinculo
1608 3227 1834 3311 cohaerere,
1865 3229 1932 3303 vel
1956 3236 2065 3301 certe
2084 3249 2196 3321 aegre

487 3355 721 3437 discernibili
737 3353 861 3426 limite
879 3352 927 3424 ab
949 3353 1118 3427 invicem
1138 3355 1338 3447 segregari
1355 3353 1589 3437 videantur;
1629 3375 1753 3447 quare
1776 3356 1894 3429 etiam
1916 3376 1999 3428 non
2022 3355 2194 3438 mirum,

487 3486 594 3582 quod
614 3483 711 3557 adeo
728 3478 882 3554 diversa
899 3478 1136 3574 scriptorum
1150 3478 1199 3552 de
1215 3479 1295 3553 istis
1314 3483 1484 3573 gemmis
1499 3479 1681 3577 prostent
1691 3473 1855 3573 judicia,
1891 3479 1984 3553 dum
2010 3480 2087 3554 scil.
2112 3480 2199 3565 alii,

487 3635 555 3688 eas
580 3615 617 3685 in
639 3631 833 3687 verarum
857 3624 1107 3698 gemmarum
1131 3625 1343 3680 numerum
1369 3607 1548 3704 recipere
1573 3605 1678 3679 haud
1702 3606 1900 3690 dubiteut;
1928 3617 2070 3680 contra
2089 3627 2194 3682 vero

487 3742 570 3818 alii,
598 3739 708 3813 veris
725 3732 936 3808 seminibus
953 3751 1020 3803 eas
1036 3730 1294 3815 immisceant3
1320 3731 1359 3806 δι
1374 3734 1518 3806 iterum
1531 3734 1614 3816 alii,
1640 3732 1801 3810 easdem
1818 3755 1895 3830 pro
1909 3755 2082 3832 corpore
2093 3754 2194 3826 quo-

485 3868 575 3943 dam
605 3869 714 3939 inter
744 3877 924 3953 gemmas
951 3865 1072 3951 atque
1092 3856 1239 3934 femina
1268 3857 1399 3932 medio
1426 3859 1654 3944 venditent,
1691 3860 1759 3929 cui
1782 3859 1909 3941 varia,
1945 3857 2197 3953 comessandi,

486 3988 605 4087 foliosa*
634 3983 784 4081 novelli,
822 3982 933 4084 satus
967 3984 1062 4075 vivi,
1111 3979 1265 4078 aliaque
1297 4006 1431 4069 nova,
1475 3995 1629 4083 praeter
1664 3981 1961 4072 necessitatem,
2011 3985 2196 4064 fecerunt

487 4120 665 4195 nomina.

585 4294 672 4370 Etsi
687 4296 812 4388 igitur
818 4291 1082 4392 plurimarum
1094 4264 1365 4384 gemmarum,
1391 4315 1447 4366 ex
1460 4290 1541 4366 solo
1552 4291 1687 4366 habitu
1705 4292 1774 4366 suo
1790 4300 1983 4377 externo,
2010 4292 2200 4367 facillima

487 4425 535 4502 sit
552 4419 770 4518 diagnolis,
803 4419 910 4491 clare
930 4428 1063 4491 tamen
1088 4442 1143 4492 ex
1169 4418 1287 4493 modo
1309 4415 1421 4494 distis
1440 4420 1585 4514 liquet,
1608 4419 1715 4514 quod
1733 4444 1806 4507 nec
1828 4421 2013 4494 omnibus
2036 4431 2193 4495 certum

401 4580 405 4586 ·
487 4553 640 4645 signum
664 4549 789 4622 fronti
814 4547 1065 4644 inscriptum,
1098 4522 1177 4618 nec
1196 4567 1384 4638 gemmae,
1418 4548 1458 4620 in
1481 4546 1712 4622 universum
1738 4542 1938 4643 spectatae,
1971 4549 2105 4639 notio,
2139 4549 2192 4620 ita

486 4677 651 4753 stabilita
672 4685 793 4767 atque
811 4673 968 4747 firmata
980 4670 1048 4754 sit,
1071 4681 1120 4743 ut
1133 4671 1414 4746 nulluserrori
1434 4672 1625 4770 superesse
1644 4672 1762 4773 possit
1783 4675 1907 4747 locus.
1957 4669 2191 4766 Antequam

486 4807 612 4899 igitur
630 4802 678 4877 ad
708 4801 827 4899 ipsam
851 4821 930 4875 nos
950 4803 1203 4893 accingemus
1221 4799 1382 4874 seminis
1401 4800 1735 4886 enucleationem,
1768 4820 1851 4875 non
1871 4825 1896 4873 a
1917 4800 2033 4900 scopo
2052 4800 2191 4874 nostro

2020 4923 2191 5002 alienum
