4878 6064
1085 730 1159 832 a.)
1179 730 1429 808 ‘extremitati
1454 729 1636 803 interiori
1659 727 1920 806 horizontali:
1946 727 1986 800 in
2006 721 2168 825 Tulipa‚
2194 723 2236 801 &

1193 858 1415 931 innumeris
1436 858 1532 931 aliis.
1588 880 1590 888 ·

1092 982 1148 1076 ὃ.)
1173 986 1277 1083 parti
1302 983 1408 1055 inter
1425 984 1704 1058 extremitates
1727 981 1884 1056 mediae:
1910 982 1952 1052 in
1975 976 2115 1065 Glino,
2142 976 2235 1055 Me-

1196 1107 1571 1204 sembryanthemo,
1598 1107 1841 1191 Malvaceis,
1867 1106 1939 1180 &c

409 1272 411 1275 ’
529 1270 593 1362 4⁰.
613 1260 829 1367 parietibus
847 1259 887 1338 &
904 1262 1063 1341 seminis
1087 1258 1153 1358 a.)
1173 1263 1276 1360 parti
1290 1262 1542 1335 acuminatae:
1576 1234 1620 1333 in
1636 1256 1849 1343 Sarothra,
1874 1256 2054 1354 Ascyro,
2080 1251 2235 1331 Cucur-

1191 1388 1363 1461 bitaceis,

1090 1514 1154 1607 β.)
1175 1514 1281 1612 parti
1308 1511 1482 1596 obtusae,
1526 1508 1672 1587 intaeta
1701 1512 1859 1586 seminis
1886 1511 2016 1609 apice:
2047 1511 2089 1583 in
2114 1505 2236 1585 Gros-

1205 1638 1357 1713 sularia.

1095 1766 1159 1859 a.)
1181 1764 1299 1839 lateri
1325 1768 1428 1838 inter
1454 1772 1666 1859 utramque
1694 1764 1992 1839 extremitatem
2015 1759 2164 1837 medio:
2195 1766 2235 1836 in

1195 1870 1477 1984 ‘Leguminofis
1498 1891 1538 1966 &
1558 1885 1764 1985 Siliquoiis
1780 1888 1913 1964 variis.

631 2075 752 2171 Hisce
769 2074 940 2151 vinculis
966 2073 1097 2148 semen
1124 2093 1214 2147 cum
1236 2071 1305 2147 suo
1334 2076 1557 2172 pericarpio
1575 2075 1715 2147 intime
1736 2071 1939 2153 cohaeret,
1966 2069 2092 2146 donec
2116 2071 2237 2146 occal-

477 2239 488 2249 ·
533 2203 779 2282 lescentibus
801 2223 876 2300 per
897 2200 1167 2274 maturitatem
1189 2201 1369 2273 nutritiis
1396 2199 1636 2296 receptaculi
1654 2197 1776 2281 vafre,
1817 2196 1980 2270 funiculi
2003 2196 2236 2272 umbilicalis

533 2330 647 2406 filum
672 2328 949 2424 abrumpatur,
979 2331 1099 2416 atque
1121 2323 1267 2398 semina
1290 2320 1468 2418 suijuris
1492 2320 1592 2398 faeta
1615 2323 1791 2418 undique
1812 2323 2047 2421 spargantur
2065 2347 2111 2399 ac
2136 2323 2236 2398 ulte·

517 2460 622 2532 ‘rius
644 2455 757 2533 suum
776 2452 1068 2530 nutrimentum
1088 2471 1111 2525 e
1129 2457 1253 2525 terrae
1272 2452 1427 2544 gremio
1452 2434 1652 2524 hauriant.
2227 2465 2229 2470 ’

1182 2736 1445 2843 CAPVT
1491 2740 1604 2845 VII.

1345 2959 1439 3040 DE

918 3139 1161 3224 SEMINE
1189 3140 1457 3222 MATVRO
1490 3141 1562 3221 IN
1594 3140 1861 3226 GENERE.

540 3539 705 3679 semen
732 3606 953 3684 maturum,
978 3619 1060 3672 non
1075 3621 1130 3673 ex
1146 3598 1284 3673 colore
1296 3598 1366 3673 suo
1389 3598 1584 3681 saturato,
1613 3618 1687 3674 nec
1712 3621 1766 3673 ex
1784 3596 1851 3671 sua
1871 3598 1912 3670 in
1930 3618 2032 3693 aqua
2052 3597 2241 3673 subiiden·

539 3730 618 3812 tia,
644 3747 776 3820 neque
790 3727 908 3799 etiam
921 3749 975 3800 ex
990 3724 1134 3801 duritie
1148 3725 1231 3807 sua,
1255 3725 1347 3798 iatis
1357 3730 1446 3797 tuto
1463 3723 1731 3818 cognoscitur3
1756 3722 1820 3799 sed
1836 3725 1982 3798 certior
2003 3728 2241 3799 maturitatis

538 3862 637 3929 nota
653 3875 709 3927 ex
730 3851 810 3949 ipso
828 3851 1020 3926 trahenda
1038 3850 1096 3926 est
1121 3852 1289 3936 nucleo,
1314 3854 1462 3949 quippe
1481 3852 1569 3944 qui,
1593 3848 1623 3922 ss
1647 3874 1701 3925 ex
1721 3850 1935 3943 gelatinoso
1955 3849 2093 3925 senum
2116 3848 2242 3925 faetus

541 3978 590 4053 iit
604 3978 902 4062 solidiusculus,
927 3976 1086 4053 fitestae
1105 3978 1186 4052 suae
1202 3979 1412 4065 cavitatem
1431 3976 1586 4073 repleat
1610 3972 1866 4059 exattisfime,
1891 3986 2010 4069 atque
2032 3972 2061 4050 fi
2080 3980 2184 4051 intra
2205 3978 2243 4053 se

541 4106 688 4204 ipsum,
713 4100 866 4176 nulium
884 4104 1049 4201 prorsus
1064 4106 1265 4178 contineat
1276 4102 1441 4199 spatium
1455 4122 1646 4185 vacuunn
1674 4088 2034 4177 indubitatiffimum
2051 4103 2244 4203 praebebit

541 4230 700 4305 seminis
723 4228 868 4302 maturi
884 4226 1059 4320 fignum,
1086 4231 1179 4335 quia
1198 4231 1250 4303 ita
1267 4227 1579 4308 conformatum,
1605 4225 1863 4319 germinando
1878 4237 2014 4325 aptum
2029 4229 2106 4314 est,
2132 4251 2244 4324 quae·

542 4377 700 4450 cunque
717 4357 834 4428 etiam
854 4351 977 4426 fuerit
995 4351 1147 4448 reliqua
1163 4349 1252 4450 ejus
1266 4353 1451 4428 conditio.
1502 4347 1583 4428 Sed
1605 4361 1818 4447 antequam
1841 4354 1888 4427 ad
1902 4355 2087 4431 nucleum
2107 4376 2245 4454 proce·

541 4480 702 4564 damus,
729 4479 936 4554 dicendum
957 4456 1070 4580 prius
1088 4482 1165 4554 erit
1178 4480 1226 4555 de
1240 4481 1430 4555 seminum
1452 4479 1633 4576 partibus
1652 4488 1771 4573 atque
1791 4476 2063 4581 affectionibus
2085 4480 2243 4555 extrin-

540 4608 656 4693 secis,
682 4629 773 4701 quae
798 4605 984 4680 omnibus
1009 4626 1244 4681 communes
1270 4604 1366 4679 &in
1381 4606 1506 4680 variis
1521 4606 1632 4681 varie
1649 4604 1886 4680 modificatae
1909 4605 2011 4681 sunt.

641 4816 753 4892 Inter
769 4815 859 4899 has,
884 4818 1059 4913 primum
1075 4814 1207 4889 locum
1229 4822 1342 4888 tenet
1363 4808 1570 4899 Umbilicun
1599 4818 1668 4908 qui
1694 4816 1762 4892 vel
1784 4824 2001 4899 externus,
2028 4816 2099 4891 vei
2123 4816 2244 4889 inter-

542 4963 621 5025 nus
641 4941 715 5028 est,
739 4941 968 5036 &quorum
989 4943 1102 5042 prior
1122 4962 1207 5017 non
1231 4940 1357 5017 solum
1381 4939 1434 5016 ob
1454 4943 1607 5016 variam
1629 4942 1737 5017 suam
1758 4940 1951 5028 formam,
1985 4941 2049 5017 sed
2071 4941 2110 5016 &
2140 4940 2244 5023 ideo,

2202 5090 2243 5140 m
