4878 6064
524 516 702 571 cxxvm
1210 520 1516 555 ¹¹¹¹-

1210 558 1514 574 *m

523 732 583 806 ris
604 729 790 827 proprio,
815 745 1032 802 verumex
1047 723 1130 822 ‘ipsa
1143 724 1301 800 seminis
1315 724 1414 800 testa
1430 723 1609 807 trahant,
1633 723 1673 798 δι
1689 723 1794 818 quod
1807 725 2123 814 seminacomata,
2148 753 2233 806 non

524 855 670 931 dentur
688 854 779 934 alia,
804 873 923 946 quam
945 872 1037 944 quae
1055 849 1170 924 fimul
1194 854 1418 949 pericarpio
1439 873 1541 927 vero
1566 847 1668 925 teila
1682 851 1775 925 fint:
1800 854 1904 926 utin
1920 852 2130 951 Epilobio,
2155 852 2232 926 As-

524 979 719 1078 clepiade,
743 976 968 1075 Apoeyno,
994 973 1141 1062 Nerio,
1176 975 1421 1072 Cynancho,
1454 976 1671 1052 Plumieria
1695 976 1768 1051 &u
1792 998 1885 1072 quae
1906 978 2066 1073 quidem
2087 980 2234 1054 semina
2269 1030 2272 1036 -

526 1108 681 1198 omnia,
706 1103 830 1196 vulgo
844 1101 892 1175 ad
912 1102 1104 1200 papposa,
1130 1102 1233 1176 male
1250 1102 1497 1177 referuntur.

620 1314 694 1392 CA
706 1337 809 1391 uun
839 1314 1028 1409 gracilem
1047 1306 1260 1388 aemulatur
1281 1313 1471 1412 stipitem,
1497 1337 1520 1388 e
1541 1314 1694 1390 vertice
1716 1313 1875 1389 seminis
1898 1309 2234 1411 proficiscentem

523 1445 592 1538 qui
607 1451 741 1516 autem
760 1439 873 1515 abali
887 1440 1010 1534 usque
1032 1438 1079 1512 ad
1094 1442 1245 1538 apicem
1263 1441 1377 1526 [uum
1398 1440 1580 1524 villosus,
1605 1439 1696 1514 &in
1713 1440 1925 1516 seminibus
1940 1442 2075 1525 nudis,
2100 1465 2232 1542 aper-

523 1569 682 1644 fistente
697 1568 825 1643 ovarii
836 1565 961 1660 stylo,
990 1566 1029 1639 in
1044 1562 1160 1639 testis
1172 1588 1291 1649 vero,
1318 1589 1372 1639 ex
1379 1566 1459 1663 ipsa
1474 1567 1634 1641 seminis
1645 1565 1742 1641 testa
1752 1576 1992 1664 prognatus,
2006 1593 2050 1644 ae
2062 1572 2102 1642 in
2116 1582 2232 1646 utro-

524 1718 603 1789 que
627 1693 732 1783 casu,
757 1692 901 1766 semine
930 1690 1073 1788 saepius
1090 1693 1302 1790 vigecuplo
1325 1692 1484 1786 longior
1503 1690 1588 1766 est:
1615 1685 1668 1765 ut'
1681 1695 1720 1765 in
1742 1689 1981 1778 Clematide,
2005 1692 2231 1789 Atragene,

524 1819 716 1917 Dryade,
743 1817 951 1892 Pulsatilla.
1002 1813 1137 1890 Cauda
1157 1827 1290 1892 autern
1313 1816 1452 1916 pilosa,
1482 1838 1574 1910 quae
1596 1816 1713 1892 ebali
1734 1821 1863 1894 ovarii
1884 1821 2089 1919 procedit,
2120 1833 2169 1897 ut
2193 1829 2232 1903 in

521 1950 671 2053 Typha
688 1953 807 2041 atque
826 1944 1011 2027 Platano,
1037 1966 1114 2042 pro
1128 1966 1241 2017 mero
1262 1943 1302 2019 dr
1317 1943 1480 2043 simplici
1494 1945 1720 2040 pedunculo
1736 1941 1891 2020 fruilus
1906 1947 2042 2022 haberi
2055 1948 2180 2027 debet,

622 2158 880 2233 Rosrrun
906 2156 1043 2236 etiam,
1070 2153 1110 2224 in
1131 2155 1383 2250 pericarpiis,
1407 2153 1645 2251 plerumque
1666 2182 1692 2232 a
1717 2157 1822 2254 stylo
1846 2154 2077 2253 perlistente
2107 2158 2230 2257 profi-

521 2286 701 2365 ciscitur:
728 2287 835 2357 utin
863 2279 1088 2361 Penthoro,
1114 2275 1243 2363 Sedo,
1277 2279 1519 2366 Helleboro,
1554 2280 1735 2376 Nigella‚
1765 2281 1975 2377 Martynia
2000 2283 2071 2358 &e
2116 2281 2232 2360 Alias

522 2434 648 2493 vero,
672 2432 755 2484 non
768 2418 924 2482 tantum
940 2408 980 2479 in
998 2401 1212 2487 fruiiibus,
1238 2404 1303 2478 sed
1323 2405 1362 2481 de
1382 2409 1422 2479 in
1442 2408 1673 2494 seminibus,
1698 2411 1829 2483 omnis
1843 2405 2046 2506 procellas
2061 2408 2231 2505 longior,

523 2533 804 2630 rigidiusculus
821 2534 1166 2628 atqueincurvus,
1192 2535 1338 2633 rostrum
1356 2541 1426 2604 aut
1441 2556 1548 2607 cornu
1561 2531 1722 2618 dicitur,
1749 2534 1906 2628 quando
1923 2559 1979 2609 ex
1998 2535 2075 2632 ipsa
2089 2560 2233 2611 eorum

522 2660 730 2737 substantia
754 2660 973 2741 formatus,
1000 2655 1077 2730 alle
1110 2658 1226 2753 supra
1260 2657 1455 2750 reliquam
1478 2680 1711 2756 compagem
1734 2662 1951 2755 prominet,
1978 2669 2097 2755 atque
2127 2685 2234 2738 nunc

523 2791 738 2865 verticemr
765 2789 807 2858 in
828 2783 1072 2874 Abromate,
1094 2780 1313 2874 Pugiouio,
1340 2775 1551 2876 Scandice,
1573 2783 1812 2869 Calendula3
1844 2776 1953 2859 nunc
1973 2785 2159 2862 dorsum:
2192 2790 2234 2862 in

503 2910 801 3006 ,Curculiginm
836 2908 876 2986 dt
897 2930 1003 2981 nunc
1022 2929 1181 3000 quoque
1204 2906 1310 2980 baim
1334 2919 1403 2982 aut
1430 2911 1638 3003 regionem
1662 2911 1924 2986 umbiliealem
1948 2920 2086 2986 tenet:
2120 2922 2166 2988 ut
2192 2917 2234 2988 in

523 3037 694 3135 Sapota,
724 3032 874 3115 Baffia,
901 3030 1071 3105 Atheeia
1097 3031 1136 3106 δι
1159 3035 1198 3105 in
1221 3033 1358 3108 multis
1387 3034 1598 3111 seminibus
1621 3036 1998 3122 subreniformibus,
2025 3059 2116 3131 quae
2142 3040 2232 3115 inde

523 3154 897 3263 uniformi-rostellum
914 3156 1122 3231 dicuntur:
1144 3166 1192 3232 ut
1214 3161 1255 3232 in
1270 3157 1511 3247 Crotalaria,
1539 3158 1779 3250 Salicornia,
1804 3162 1981 3249 Monta,
2008 3162 2231 3260 Claytonia,

522 3287 767 3381 Mollugine,
793 3285 833 3360 dr
854 3284 1118 3361 innummerls
1144 3285 1243 3359 aliis.

620 3470 734 3546 Aen
763 3467 821 3545 est
848 3466 1039 3567 expanfio
1063 3469 1378 3555 membranacea,
1411 3472 1507 3557 lata,
1531 3469 1704 3566 flexilis,
1729 3475 1890 3559 vertici,
1923 3475 2059 3559 dorso,
2086 3486 2156 3548 aut
2174 3475 2231 3549 la·
2260 3448 2264 3453 ⁴

521 3598 678 3673 teribus
702 3595 904 3672 fruduum
926 3605 1046 3690 atque
1072 3594 1265 3670 seminum
1289 3596 1420 3673 affixa.
1470 3594 1686 3696 Speciatim
1708 3620 1809 3673 vero
1841 3599 1920 3674 Ala
1946 3601 2107 3683 dicitur,
2140 3623 2232 3694 quae

521 3722 768 3801 solummodo
790 3724 988 3807 verticem
1020 3729 1089 3796 aut
1113 3720 1272 3797 dorsum
1295 3732 1428 3798 tenet:
1453 3746 1544 3818 quae
1573 3724 1856 3813 autemlatera
1882 3727 2028 3810 ambit,
2067 3731 2232 3827 proprie

522 3850 662 3946 Margo
682 3827 915 3949 appellatur.
965 3848 1012 3922 In
1041 3845 1236 3924 frudlibus
1261 3849 1428 3951 perinde
1455 3859 1575 3951 atque
1599 3852 1813 3929 seminibus
1842 3851 2036 3946 frequens
2068 3854 2126 3930 est
2152 3855 2231 3941 alm

520 3977 564 4055 ἃ
582 3977 726 4053 dautur
744 3978 966 4074 pericarpia

667 4158 946 4255 monoplrrigia:
974 4159 1011 4229 in
1029 4153 1234 4240 Fraxino,
1267 4153 1542 4252 Ventilagine,
1576 4156 2087 4256 Liriodendro,·Rajania,
2121 4161 2231 4236 Ban-

724 4281 904 4363 nisteria,
930 4278 969 4355 N
973 4279 1091 4354 illolia
1106 4280 1177 4354 &o
1229 4277 1390 4356 Semina
1405 4293 1538 4358 autem
1559 4285 1730 4360 unialata
1750 4286 1973 4360 habentur:
2002 4291 2040 4362 in
2060 4286 2231 4369 Swiete-

723 4411 810 4493 nia,
836 4405 1023 4489 Cedrela,
1048 4405 1241 4491 Bankfia
1267 4406 1471 4495 Fabricia,
1496 4409 1647 4505 Velaga
1662 4410 1762 4509 (1),
1789 4411 1914 4487 Crino
1932 4414 2003 4491 &e

666 4557 878 4658 dipterigia:
906 4562 944 4633 in
967 4555 1096 4632 frusto
1122 4555 1334 4653 conjugato
1357 4561 1519 4657 Aceris‚
1545 4564 1584 4637 ὃ(
1603 4565 1642 4637 ln
1665 4565 1808 4638 nucula
1833 4564 2082 4666 Gyrocarpl,
2114 4562 2229 4662 cujus

720 4687 815 4769 alae,
840 4688 959 4765 unico
979 4685 1088 4782 quod
1104 4686 1216 4761 sciam
1230 4690 1440 4786 exemplo,
1465 4688 1708 4789 pedicellatae
1727 4691 1837 4777 sunm

1993 4873 2230 4974 triptcrygia:

565 5084 609 5161 ι.)
630 5079 820 5162 pentapetes.
842 5084 948 5144 Lmn.
