4852 6062
893 508 1196 573 .....‘····.··.·····.......
1590 505 1596 517 “
1795 516 1886 573 Χιν

192 731 238 807 ad
263 729 415 824 singula
441 728 599 810 ovaria‚
643 723 782 819 singuli
808 742 968 819 quoque
987 727 1194 823 pertinent
1216 723 1327 822 styli:
1363 727 1416 801 ita
1432 725 1471 798 in
1493 722 1753 826 Compositis,
1784 727 1887 805 Per·

193 858 356 938 sonatis,
390 851 611 949 Siliquolis,
644 849 937 943 Legumrnous,
962 848 1229 946 Myrtoideis‚
1253 853 1402 948 absque
1427 858 1667 953 exceptione
1684 858 1888 943 omnibus,

191 995 239 1058 ut
264 994 307 1058 et
333 984 372 1054 in
397 981 580 1078 plurimis
606 974 993 1071 Nlulticapsularibus
1015 986 1135 1070 atque
1157 978 1262 1061 aliis,
1306 980 1450 1053 unicus
1471 979 1670 1056 duntaxat
1686 982 1733 1057 ad
1754 982 1887 1078 singu·

191 1111 275 1183 lum
299 1111 483 1182 orarium
499 1103 610 1178 adest.
627 1102 766 1196 stylus.
824 1095 944 1198 Saepe
967 1124 1069 1175 vero
1096 1106 1211 1178 etiam
1232 1106 1374 1179 unicus
1408 1105 1570 1181 inservit
1586 1107 1772 1205 pluribus
1789 1132 1887 1184 ova·

193 1239 264 1309 riis
285 1234 420 1306 liinul:
446 1233 545 1303 utin
566 1226 846 1308 Verticillatis,
873 1222 1145 1324 Asperisoliis,
1174 1227 1391 1311 Tricoccis,
1418 1228 1696 1311 Malvaceis‘et
1717 1236 1814 1320 aliis,
1841 1244 1888 1311 ut

191 1370 328 1435 tauren
350 1353 543 1453 ejusmodi
568 1354 735 1452 simplex
758 1352 906 1447 stylus,
952 1354 991 1424 in
1012 1350 1212 1427 Tricoccis
1243 1354 1283 1428 δι
1308 1350 1528 1432 Malvaceis
1551 1361 1788 1457 praesertirn,
1831 1382 1889 1435 ex
1949 1364 1953 1373 '

193 1486 377 1584 pluribus
400 1481 630 1579 partialibus
655 1477 1019 1551 conserruminatus
1048 1476 1125 1554 else
1146 1478 1341 1556 videatur·
1395 1481 1540 1559 Plures
1558 1496 1690 1560 autem
1713 1486 1804 1582 styli
1830 1487 1890 1560 dl-

193 1607 340 1692 stinsti,
363 1629 446 1682 non
466 1629 559 1679 raro
577 1626 736 1699 quoque
755 1602 803 1676 ad
823 1603 983 1675 unicum
1008 1606 1192 1679 ovarium
1211 1611 1487 1704 reperiuntur,
1515 1610 1630 1706 idque
1647 1612 1791 1711 duplici
1807 1626 1890 1687 mo*-

195 1735 265 1809 do:
303 1744 374 1807 aut
392 1735 499 1806 enirn
520 1732 701 1807 orarium
724 1728 780 1806 est
807 1725 1052 1800 uniloculare
1076 1740 1196 1824 atque
1215 1735 1325 1809 nulla
1350 1737 1470 1812 datur
1488 1738 1593 1810 iuter
1614 1737 1740 1834 stylos
1767 1748 1892 1833 atque

195 1859 457 1936 loculamenta
487 1858 726 1956 proportio:
747 1863 794 1929 ut
817 1855 855 1927 in
878 1852 1195 1930 Graminibus&
1220 1860 1261 1931 in
1289 1863 1412 1936 variis
1436 1859 1677 1947 Allinaceis,
1708 1861 1888 1959 Lychni-

196 1987 298 2068 deis‚
349 1982 573 2067 Oleraceis3
613 1992 683 2055 aut
709 1979 1066 2055 loculamentorum
1097 2002 1291 2059 numerus
1314 1983 1454 2061 exuite
1482 1988 1694 2085 respondet
1723 1989 1778 2062 illi
1806 1988 1894 2084 sty-

197 2110 349 2187 lorum:
383 2120 430 2184 ut
454 2113 492 2182 in
512 2107 645 2203 Pyro,
679 2103 870 2204 Mespilo‚
904 2106 1031 2192 Lino,
1062 2105 1187 2191 Cisto,
1221 2106 1429 2195 Castanea,
1453 2114 1660 2207 variisque
1677 2114 1782 2197 aliis,
1806 2114 1891 2207 qui·

197 2240 272 2313 bus
291 2238 478 2312 omnibus
494 2234 584 2308 inde
600 2236 767 2331 propior
787 2233 967 2328 quaedam
982 2233 1040 2308 est
1062 2255 1154 2309 cum
1176 2232 1370 2311 fruitibus
1396 2236 1778 2336 multicepsularibus
1803 2237 1891 2313 affi-

198 2366 313 2438 nitas.
365 2362 411 2437 In
443 2358 701 2434 numerandis
730 2366 863 2432 cetera
891 2358 1030 2454 stylis,
1072 2370 1212 2439 curate
1228 2362 1275 2437 ad
1302 2362 1523 2436 eorundem
1542 2361 1654 2457 ‚bafin
1681 2364 1889 2461 respicien-

199 2489 290 2563 dum
311 2486 389 2580 est,
414 2510 465 2561 ne
482 2486 629 2583 stylum
648 2482 882 2580 simplicem,
906 2483 968 2557 sed
989 2483 1188 2581 profunde
1207 2482 1269 2561 bi·
1283 2482 1304 2561 l.
1323 2484 1500 2590 trpidum,
1530 2510 1607 2585 pro
1630 2486 1803 2583 gemello
1821 2496 1894 2563 aut

199 2616 411 2708 trigemino
437 2612 672 2689 habeamus..
720 2606 766 2686 Si
789 2620 923 2684 autem
947 2607 1214 2710 stylusplane
1238 2611 1353 2706 desit,
1385 2621 1482 2688 tunc
1505 2625 1767 2688 numerantur
1796 2611 1892 2707 stig·

201 2750 315 2817 mata.

298 3014 466 3113 Stigma,
492 3017 550 3095 est
571 3040 650 3092 una
667 3041 722 3092 ex
743 3012 1056 3092 constantissimis
1085 3019 1246 3090 externi
1266 3025 1483 3114 apparatus
1503 3019 1664 3096 feminei
1689 3019 1893 3117 partibus,

200 3164 289 3237 quae
309 3164 512 3235 nunquam
538 3143 650 3228 desit,
678 3144 748 3218 nisi
766 3148 804 3218 in
826 3144 972 3242 plantis
984 3141 1222 3240 aphroditiS,
1251 3141 1291 3215 ὅ(
1306 3144 1343 3214 in
1366 3143 1469 3227 sola,
1502 3157 1551 3220 ut
1568 3147 1740 3241 quidem*
1755 3147 1892 3246 perhi-

198 3268 315 3352 bent,
347 3265 545 3363 Agyneia.
597 3267 837 3368 Supremum
864 3270 1018 3365 semper
1045 3268 1083 3339 in
1106 3268 1245 3341 ovario
1265 3277 1378 3344 tenet
1393 3271 1546 3356 locum,
1584 3275 1740 3367 quando
1762 3273 1895 3369 stylus

200 3391 330 3475 deest;
372 3413 463 3465 cum
487 3404 621 3470 autem
653 3396 718 3469 ille
740 3395 861 3478 adest,
906 3394 1001 3469 tunc
1023 3392 1161 3485 stigma
1185 3387 1274 3488 ejus
1295 3400 1399 3494 capit
1424 3396 1635 3491 fastigium,
1671 3399 1711 3473 ὅ(
1734 3395 1892 3496 velipll

200 3515 287 3615 ejus
309 3519 408 3615 apici
432 3517 587 3603 insidet,
618 3523 686 3597 vel
709 3524 858 3598 exinde
883 3521 930 3595 ad
953 3518 1075 3594 latera
1097 3517 1340 3611 aliquantum
1358 3521 1576 3607 descendit,
1615 3546 1691 3598 nec
1714 3547 1810 3598 raro
1839 3525 1894 3597 ita

201 3668 288 3718 curn
311 3642 416 3738 stylo
437 3648 594 3729 unitur,
619 3658 665 3720 ut
684 3651 755 3723 rix
775 3651 853 3725 rite
871 3646 919 3722 ab
933 3670 980 3721 eo
1003 3644 1173 3717 discerni
1196 3644 1324 3742 possit.
1373 3643 1591 3747 Saepissime
1605 3659 1739 3724 tamen
1759 3648 1895 3723 distin-

200 3767 259 3845 sta
284 3769 323 3844 &
351 3770 536 3866 peculiari
562 3773 707 3865 gaudet
731 3773 882 3868 figura,
907 3792 998 3865 quae
1024 3771 1063 3841 in
1100 3774 1244 3864 variis,
1277 3775 1411 3847 varia:
1439 3783 1486 3846 ut
1509 3772 1732 3856 filisormis,
1753 3773 1895 3860 sclava-

201 3906 260 3987 ta‚
286 3897 471 3991 capitata,
497 3896 725 3978 orbiculata,
755 3900 921 3996 peltata,
947 3894 1180 3994 petasones,
1207 3897 1400 3993 plumosa,
1425 3906 1495 3971 aut
1519 3898 1611 3978 alia,
1634 3920 1681 3970 ac
1700 3898 1767 3972 vel
1790 3899 1894 3971 inte·

201 4026 393 4117 germina,
427 4019 491 4098 vel
507 4022 649 4107 divisa,
679 4026 745 4097 vel
762 4026 892 4099 lobata
911 4023 979 4099 eu
1030 4022 1085 4095 Et
1111 4020 1159 4094 sic
1183 4043 1342 4114 quoque
1366 4015 1454 4114 ejus
1481 4021 1709 4119 superficies
1736 4044 1819 4095 non
1852 4024 1896 4095 in

201 4151 390 4223 omnibus
412 4148 552 4222 eodem
574 4149 754 4223 sehabet
777 4149 913 4223 modo:
951 4172 1043 4221 nam
1065 4148 1169 4244 saepe
1188 4147 1345 4241 glabra,
1382 4148 1480 4220 alias
1504 4170 1604 4223 vero
1623 4147 1780 4229 striata,
1817 4146 1921 4221 sul-⁴

201 4287 306 4359 cata,
334 4273 748 4364 villosa,‘verrucosa,
776 4274 984 4371 papillam,
1012 4286 1081 4346 aut
1101 4271 1172 4351 alia
1195 4276 1350 4349 ratione
1371 4258 1753 4356 scabrata'occurritr
1794 4273 1896 4347 sem·

203 4424 276 4500 per
301 4422 404 4474 vero
428 4397 690 4473 minutissimis
714 4404 824 4497 poris
851 4400 1005 4498 pertusa
1024 4398 1101 4480 esi,
1139 4421 1229 4492 quae
1249 4399 1294 4472 ad
1317 4399 1409 4493 styli
1435 4400 1525 4475 vasa
1544 4402 1699 4472 interna
1722 4398 1898 4490 ducunt,

201 4537 291 4601 eta
321 4527 465 4618 quibus
492 4528 676 4617 genitura
701 4527 875 4600 mascula
902 4526 1142 4600 resorbetur.
1209 4522 1252 4597 ld
1273 4527 1379 4598 enim
1402 4529 1591 4622 princeps
1617 4547 1664 4596 ac
1684 4524 1895 4620 proprium

202 4652 394 4745 stigmatis
409 4649 466 4723 est
493 4648 687 4731 officium,
713 4661 761 4724 ut
781 4653 930 4748 sperma
957 4650 1171 4723 masculum
1195 4673 1220 4722 e
1241 4649 1387 4746 polline
1410 4649 1585 4739 hauriat,
1610 4642 1777 4742 ejusque
1799 4668 1897 4743 pro-

201 4772 375 4870 gressum
393 4774 439 4846 ad
460 4775 623 4847 intimos
642 4778 769 4846 orarii
792 4775 964 4849 recessus
989 4786 1247 4872 promoveat:
1277 4785 1319 4848 et
1335 4774 1425 4847 ideo
1448 4792 1606 4867 quoque
1630 4771 1711 4855 est,
1743 4782 1894 4844 utnon

201 4901 328 4974 solum
351 4897 613 4975 foraminibus
638 4900 863 4979 constanter
879 4900 927 4975 iit
944 4900 1169 5000 pertusum,
1197 4900 1399 4975 sedetiam
1418 4910 1466 4974 ut
1486 4899 1556 4971 sub
1584 4896 1745 4996 pollinis
1765 4906 1896 4968 matu·

1735 5024 1896 5095 ritatem
