4878 6064
931 496 1235 582 ====
1343 590 1346 603 ,
1757 528 1911 598 cxxxv

208 729 421 811 cintaelse
433 727 629 807 videatur.
679 724 788 802 Hinc
799 748 960 825 quoque
971 730 1242 831 simplicissima
1255 732 1313 810 est
1322 728 1587 830 ejus'fabrica,
1609 747 1909 845 necquidquam

209 870 356 938 notatu
373 858 540 952 dignum
557 858 598 931 in
611 878 661 930 ea
672 857 869 942 occurrit,
893 866 1047 956 praeter
1060 860 1179 939 solam
1198 860 1432 950 Chalazain,
1456 886 1548 960 quae
1562 868 1604 943 iii
1623 868 1698 947 hac
1718 879 1910 959 membru·

210 1008 268 1061 ua
283 986 410 1061 iocata
426 982 497 1057 est.

313 1146 475 1229 Chalaza
490 1171 636 1250 nempe
651 1150 768 1226 nobis
786 1149 929 1226 dicitur
942 1174 1070 1251 parva
1085 1150 1219 1229 areola
1235 1154 1406 1231 saturate
1425 1158 1615 1241 colorata,
1637 1173 1707 1240 aut
1723 1170 1909 1250 tubercu.

209 1280 298 1358 lum
316 1299 513 1380 parvum,
538 1276 789 1375 spongiosum
806 1287 879 1352 aut
900 1279 1105 1374 callosum,
1134 1280 1240 1376 quod
1261 1306 1318 1359 ex
1336 1285 1488 1361 ultimis
1506 1287 1693 1368 vasorum
1712 1299 1908 1376 umbilica·

210 1411 310 1489 lium
332 1411 588 1481 internorum
608 1402 774 1487 finibus,
799 1404 926 1480 vel&
946 1429 1001 1480 ex
1020 1404 1162 1482 Chorii
1180 1408 1359 1486 exsuccis
1377 1411 1557 1508 reliquiis
1575 1417 1771 1513 originem
1797 1423 1907 1513 suam

208 1537 336 1612 trahit
349 1532 388 1608 a
405 1535 447 1604 in
462 1530 668 1628 superficie
687 1536 897 1606 exteriore
915 1533 1158 1608 membranae
1169 1534 1331 1612 seminis
1347 1540 1518 1615 internae
1529 1545 1776 1644 conspicitur.
1810 1547 1908 1627 Non

211 1661 422 1742 omnibus,
448 1669 489 1731 at
510 1653 644 1731 multis
669 1667 802 1731 tamen
822 1658 1033 1734 seminibus
1054 1664 1267 1760 competit,
1297 1663 1337 1738 δι
1359 1666 1427 1741 vel
1440 1660 1564 1760 juxta
1585 1670 1810 1749 umbilicum
1833 1696 1908 1753 ex·

209 1797 375 1863 ternum
399 1785 608 1866 collocata,
633 1783 702 1857 vel
717 1782 843 1859 eidem
868 1808 891 1857 e
915 1783 1108 1860 diametro
1130 1788 1308 1886 opposita
1331 1790 1397 1867 est„
1447 1790 1570 1867 Prior
1586 1795 1683 1874 situs
1712 1799 1828 1877 valde
1844 1802 1908 1874 in·

209 1913 422 2007 frequens,
451 1901 602 1984 variam
623 1907 787 1985 exhibet
808 1909 993 1985 Clialazae
1015 1911 1203 1988 formam:
1239 1917 1292 1990 ita
1308 1916 1415 1991 enim
1429 1919 1604 1994 areolam
1621 1926 1778 2018 nigram
1796 1928 1923 2027 spha.·

209 2038 378 2114 celosam
400 2041 441 2109 in
462 2034 671 2120 Eleusine,
699 2033 975 2112 fulcimentum
993 2038 1179 2125 crassum,
1204 2040 1434 2135 fungosum,
1458 2042 1501 2114 iri
1532 2043 1701 2143 lVlayce,
1733 2050 1773 2127 a
1793 2054 1908 2150 squa.

208 2166 358 2241 inulam
373 2186 539 2262 parvam
553 2160 803 2261 spongiosam
822 2161 949 2237 refert
963 2166 1002 2236 iii
1020 2165 1231 2243 seminibus
1249 2165 1421 2251 Hibisci,
1444 2163 1661 2246 Lavaterae
1682 2174 1722 2252 δι
1740 2179 1908 2259 aliarum

207 2289 533 2367 Malvaoearuin:
557 2298 698 2363 contra
711 2297 843 2362 autem
859 2288 1068 2387 oppositus
1080 2292 1265 2367 umbilico
1281 2290 1379 2366 litus
1394 2291 1799 2390 frequentissimus&
1810 2318 1909 2382 tune

208 2413 1044 2511 Chalazaesorniasemperrotundaestcum
1057 2417 1746 2511 modicacoiivexitatezutiiiCitro,
1772 2428 1906 2507 Miro-

208 2546 373 2625 balaiio,
401 2538 529 2624 Bixa,
560 2537 732 2625 Protea,
762 2535 1002 2641 Staphylea,
1039 2541 1279 2621 Alchcmilla
1303 2547 1346 2622 &
1372 2547 1694 2627 numerosissimis
1717 2553 1829 2646 aliis,
1864 2560 1907 2630 in

207 2671 357 2767 quibus
374 2668 561 2744 omnibus
579 2664 764 2742 Chalazae
784 2689 945 2773 quoque
965 2670 1076 2745 color
1094 2671 1304 2763 saturatior
1318 2671 1358 2751 &
1375 2694 1512 2750 nexus
1529 2669 1620 2771 ejus
1635 2699 1727 2754 cuni
1748 2682 1906 2777 integu.

206 2804 346 2875 mento
363 2798 525 2879 interno
544 2791 778 2871 arstiffimus
803 2793 1125 2893 deprehenditur.

305 3005 470 3080 Interna
485 3004 711 3103 superficies
728 2998 851 3100 hujus
864 3004 1153 3098 integumenti,
1178 3004 1245 3082 sua
1258 3004 1524 3106 simplicitate,
1548 3017 1735 3097 externae
1748 3016 1908 3114 respon·

208 3133 304 3216 det,
328 3144 421 3205 nam
436 3140 605 3224 utraque
622 3129 756 3223 glabra
775 3130 815 3206 ἃ
836 3130 1051 3207 uniformis
1067 3131 1125 3207 est
1143 3135 1183 3206 in
1211 3134 1397 3209 omnibus
1417 3134 1505 3210 sere
1523 3137 1750 3214 seminibus.
1798 3139 1907 3216 Nihi-

205 3260 384 3334 lominus
409 3267 543 3332 tamen
577 3258 680 3333 varii
712 3258 951 3353 quaudoque
980 3259 1126 3333 dantur
1155 3258 1376 3357 procellos,
1413 3263 1483 3353 qui
1507 3284 1561 3338 ex
1587 3262 1654 3338 ista
1677 3266 1907 3343 ineiubrana

5 3430 7 3445 ,
47 3456 55 3471 ,
205 3385 387 3468 formati,
413 3385 517 3457 intra
531 3384 687 3459 seminis
703 3388 915 3460 cavitatem
927 3387 1006 3460 alte
1021 3386 1268 3485 prominent,
1297 3384 1470 3483 &ipsum
1485 3370 1675 3464 nucleum
1686 3393 1802 3467 vario
1819 3416 1906 3468 ino-

206 3512 261 3586 do
277 3510 534 3586 intersecant:
557 3506 616 3582 lta
631 3530 777 3608 nempe
791 3514 829 3584 in
849 3512 1068 3598 Cariolobi,
1094 3532 1149 3586 ex
1169 3509 1242 3583 hac
1261 3512 1489 3585 membrana
1502 3512 1705 3588 formatur
1722 3518 1906 3594 columna

207 3638 414 3747 centralis,
440 3656 533 3729 quae
550 3635 783 3730 embryonis
799 3661 918 3713 axem
931 3641 1200 3738 perterebrat,
1226 3637 1389 3730 suisque
1406 3620 1688 3735 appendicibus
1713 3644 1819 3717 intra
1837 3669 1904 3718 co·

205 3765 444 3863 tyledoiium
467 3766 591 3836 rimas
611 3758 691 3835 alte
711 3761 952 3849 demittitur,
978 3767 1030 3838 ita
1050 3767 1090 3838 iii
1113 3764 1298 3838 omnibus
1325 3764 1537 3840 seminibus
1555 3769 1783 3851 ruminatis,
1808 3793 1904 3866 pro·
1978 3749 1981 3756 ¹

207 3890 334 3967 celsus
355 3890 599 3985 irregulares
623 3913 678 3963 ex
709 3892 986 3983 integumento
1012 3894 1171 3964 interno
1198 3888 1444 3983 formantur,
1482 3893 1551 3985 qui
1580 3914 1669 3966 cuin
1692 3893 1906 3971 albuminis

206 4017 415 4095 substantia
428 4016 652 4107 commixti,
681 4039 767 4089 eam
784 4016 957 4092 reddunt
969 4020 1233 4111 variegatam:
1257 4016 1296 4088 in
1320 4006 1743 4112 Myrillica&Palmis
1757 4022 1904 4107 variis;

206 4144 248 4221 δι
263 4144 316 4219 ita
334 4163 495 4240 quoque
514 4144 555 4214 in
578 4137 783 4229 Annonis',
809 4144 974 4239 aliisque
997 4140 1196 4238 grumosfs
1217 4140 1448 4226 seminibus,
1480 4142 1641 4217 laminae
1659 4146 1904 4222 membrana·

207 4295 291 4347 ceae
314 4292 359 4344 ac
375 4269 477 4367 saepe
500 4267 702 4367 parallelae
715 4294 771 4346 ex
790 4269 860 4345 ista
888 4271 1115 4346 membrana
1141 4271 1330 4342 oriuntur
1353 4267 1394 4342 &
1417 4266 1548 4342 nuclei
1571 4269 1694 4342 rimas
1717 4270 1906 4360 subeunt,
1958 4294 1960 4298 ’

206 4394 377 4492 ejusque
393 4378 642 4469 substantiam
672 4398 713 4469 iii
736 4396 876 4472 ¹varios
899 4395 1060 4473 lobulos
1086 4395 1331 4494 dispescuntt
1355 4395 1465 4467 utin
1486 4388 1700 4481 Castanea,
1732 4394 1901 4484 Uvaria,
1989 4418 1992 4423 ’

202 4520 387 4622 Xylopio
401 4520 444 4595 br
467 4520 568 4594 aliis.
1307 4542 1309 4546 ·

303 4714 572 4794 Accidentalia
589 4719 879 4811 integumenta,
906 4716 1016 4793 testae
1044 4714 1203 4792 seminis
1217 4712 1466 4815 superaddita
1481 4714 1594 4800 sunt,
1638 4738 1807 4811 eamque
1833 4716 1901 4794 vel

204 4856 331 4923 totam
347 4845 482 4921 velex
499 4852 613 4939 parte
627 4843 760 4918 saltem
775 4846 985 4938 obtegunt,
1010 4848 1064 4919 ita
1078 4853 1235 4929 tamen,
1262 4852 1311 4918 ut
1323 4845 1372 4919 ab
1387 4867 1433 4918 ea
1447 4842 1562 4917 facile
1575 4842 1728 4917 detrahi
1741 4852 1900 4938 queant.

203 4972 290 5048 His
310 4970 559 5048 accensemus
579 4968 878 5066 Epidermideui
894 4969 933 5044 δι
954 4966 1144 5046 Arilluui.

1650 5092 1899 5169 Eriuruuis
1951 5162 1955 5167 .
