4878 6064
500 468 602 526 cuv
1195 477 1499 534 ···....·.=··-··.....

498 677 688 756 fabricam
709 682 828 773 atque
858 675 1172 757 distributionem
1197 678 1346 755 habent
1372 680 1556 764 eandem,
1591 696 1684 775 quae
1711 678 1802 778 ipiis
1827 699 1989 775 quoque
2010 676 2200 754 foliorum

500 805 606 886 uasis
635 815 865 904 competere
886 804 1007 889 solet,
1046 804 1147 880 &in
1170 807 1476 904 cotyledonibus
1497 806 1747 881 tenuioribus
1770 807 2082 902 omnitempore
2107 827 2202 880 con-

500 933 629 1032 spicua
650 933 757 1015 sunt,
788 934 828 1004 in
841 928 1086 1005 obefioribus
1103 954 1226 1016 vero,
1249 954 1324 1031 per
1340 933 1690 1027 germinationem,
1714 930 1781 1009 vel
1801 953 1877 1034 per
1901 932 2073 1025 liquoris
2093 932 2203 1006 colo·

490 1061 578 1134 rati
600 1053 878 1154 injedtionem,
900 1054 1073 1134 senfibus
1091 1056 1207 1133 facile
1225 1058 1448 1134 redduntur
1472 1060 1601 1138 obvia

601 1238 812 1317 Numerus
843 1239 1087 1318 constantior
1114 1240 1192 1319 elle
1214 1242 1314 1317 solet
1337 1243 1377 1316 in
1404 1241 1753 1341 Cotyledonibus,
1808 1263 1927 1337 quam
1957 1243 1998 1314 in
2023 1239 2104 1315 ulla
2128 1242 2204 1316 alia

500 1363 819 1444 frustifioationis
837 1377 973 1467 parte,
999 1370 1148 1445 &raro
1167 1370 1303 1444 saltem
1323 1368 1493 1446 variaile'
1506 1370 1617 1448 visus
1638 1368 1706 1445 est.
1745 1367 1854 1444 Hinc
1871 1387 2032 1461 quoque
2046 1366 2203 1462 RnJus,

499 1489 815 1580 Bouannvrus,
841 1493 1099 1572 Hmsrunus
1120 1495 1160 1570 &
1174 1495 1259 1582 alii,
1284 1495 1374 1570 suas
1389 1498 1615 1595 plantarum
1635 1483 1847 1570 methodos
1864 1515 2036 1568 numero
2053 1489 2206 1592 potiill·

501 1642 612 1695 mum
640 1619 925 1715 cotyledonum
947 1621 1304 1720 superstruxerunt
1329 1628 1448 1717 atque
1475 1621 1724 1718 Vegetabilia
1742 1621 1963 1715 generatim
1989 1620 2030 1691 in
2056 1613 2204 1716 erotyl-

502 1744 630 1829 donea,
661 1743 909 1821 moro-di&¹
921 1743 1229 1847 poliscolyl‘cdonca
1253 1747 1482 1825 diviserunt.
1552 1743 1632 1825 Sed
1654 1749 1741 1825 haec
1764 1747 1983 1824 distributio
2006 1743 2204 1819 nonsatis

501 1892 626 1972 puras
643 1873 813 1968 largitur
831 1873 1055 1973 plantarum
1077 1871 1210 1950 classes
1231 1876 1452 1962 naturales,
1477 1875 1517 1950 δι
1539 1879 1577 1950 in
1593 1872 1832 1973 Carpologia
1845 1895 2005 1969 quoque
2020 1871 2108 1946 suas
2123 1892 2205 1945 non

500 1999 616 2076 leues
630 1999 750 2103 habet
766 1996 1038 2086 difficultates,
1063 2003 1157 2096 quia
1167 2021 1298 2077 verus
1310 2002 1594 2100 cotyledonum
1611 2020 1805 2076 numerus
1820 1997 1979 2073 nonniil
1990 1997 2037 2072 ab
2051 2004 2207 2073 eventu

501 2147 576 2224 per
595 2108 927 2221 germinationem
952 2137 1060 2200 certo
1080 2126 1195 2212 disci,
1224 2151 1299 2203 nec
1311 2138 1444 2202 tutum
1464 2129 1640 2228 semper,
1666 2150 1721 2201 ex
1738 2125 1818 2201 sola
1829 2123 2064 2218 embryonis
2084 2121 2224 2196 fabri-'

501 2276 564 2336 ca,
590 2251 639 2327 de
658 2250 888 2326 futurarum
911 2252 1197 2347 cotyledonum
1220 2275 1396 2328 numero
1415 2253 1517 2328 ferri
1535 2252 1667 2354 potest
1683 2247 1896 2347 judicium:
1931 2270 2023 2323 nam
2039 2272 2097 2323 ex
2112 2271 2203 2322 aco-

501 2378 913 2475 tyledoneosemine,
938 2378 1075 2475 prodit
1088 2380 1325 2475 quandoque
1341 2382 1522 2480 plantula
1535 2376 1919 2480 polyeotyledonea,
1953 2383 2005 2448 ut
2022 2377 2063 2448 in
2083 2372 2203 2451 Mus·
2217 2424 2223 2445 „

502 2507 578 2591 cis3
614 2528 669 2579 ex
686 2499 1098 2599 monocotyledoneo,
1127 2513 1343 2599 emergunt
1362 2529 1649 2605 nonnunquam
1672 2505 1840 2603 plantae,
1871 2508 1956 2576 tota
1975 2500 2041 2599 sua
2063 2509 2206 2575 natura

502 2629 850 2726 dicotyledonibus
871 2628 1032 2713 affines,
1056 2640 1103 2704 ut
1119 2633 1157 2703 in
1175 2628 1353 2705 Cuscuta
1370 2631 1409 2705 δι
1426 2627 1649 2706 Meloeadio
1659 2655 1671 2715 ς
1694 2630 1735 2706 δι
1755 2653 1812 2704 ex
1834 2628 1981 2703 semine
2003 2624 2205 2702 manifeste

502 2757 810 2861 dicotyledoneo
833 2753 993 2853 poss'unt
1014 2756 1116 2853 saepe
1138 2756 1286 2852 plantae
1304 2759 1544 2853 prognasci,
1562 2759 1682 2831 unico
1703 2757 1900 2831 duntaxat
1923 2751 2060 2827 foliolo
2088 2762 2206 2848 coty-

500 2883 672 2959 ledoneo
692 2881 868 2978 stipatus,
901 2889 950 2952 ut
974 2880 1015 2982 in
1033 2877 1235 2955 Nelumbo
1255 2893 1374 2977 atque
1396 2881 1431 2957 T
1433 2907 1539 2982 rapa.
1599 2881 1709 2957 Hinc
1731 2889 1869 2957 curate
1887 2877 2229 2974 distinguendum·

502 3010 607 3083 inter
632 3002 860 3105 Colyledourr.
883 2998 1058 3081 involutas
1077 3015 1196 3101 atque
1216 3005 1394 3092 evolutus,
1429 3009 1469 3084 ὅ(
1489 3033 1544 3084 ex
1564 3007 1667 3094 istis,
1699 3027 1897 3084 numerus
1920 3004 2206 3104 cotyledonum

503 3133 750 3239 embryonis
764 3129 794 3205 l.
810 3129 967 3235 seminis
990 3133 1030 3205 in
1052 3130 1311 3233 Carpologia,
1353 3159 1409 3211 ex
1430 3135 1494 3211 his
1514 3158 1637 3221 uero,
1674 3132 1744 3211 ille
1765 3135 1915 3235 plantae
1934 3133 2146 3211 declaratae
2162 3133 2205 3206 iu

501 3255 749 3355 Phytologia
773 3255 1030 3336 definiendus.
1050 3258 1118 3338 eit
1488 3240 1491 3245 ⁴

509 3464 514 3474 ·
600 3438 890 3541 Acutuledoneum
917 3444 1049 3541 itaque
1070 3445 1283 3546 semmest',
1314 3448 1430 3546 quod'
1448 3448 1657 3550 conspicuo
1681 3459 1751 3527 aut
1782 3452 1954 3528 discreto
1980 3450 2205 3543 embryone
2350 3442 2355 3447 ’

502 3572 630 3657 caret',
665 3571 731 3647 sed
750 3594 903 3645 meram
922 3572 1060 3648 saltem
1082 3575 1342 3651 cicatriculam
1365 3579 1673 3671 germinantem,
1716 3587 1789 3654 aut
1810 3575 1979 3678 fimplex
2007 3572 2207 3672 quoddam

501 3695 687 3772 radiculae
703 3697 999 3783 rudimentum,
1041 3700 1205 3787 nucleo,
1238 3701 1307 3776 srbi
1325 3704 1529 3779 multoties
1547 3698 1688 3800 majori
1712 3706 2006 3804 implantatum,
2029 3704 2143 3795 [intra
2166 3697 2207 3772 se

501 3828 702 3909 eontinet,
727 3826 837 3900 utin
858 3821 1037 3924 Ruppia‘,
1062 3822 1247 3923 Zostera,
1271 3825 1425 3915 Zamia,
1454 3827 1597 3917 limeis,
1632 3828 1792 3907 Muscis
1812 3842 1932 3927 atque
1951 3826 2157 3904 ffilicibus.

596 4005 878 4086 Plantaautem
890 4011 1453 4108 acotyledoneadicitur,quae
1462 4016 1612 4111 absque
1626 4015 1841 4116 praegreil'o
1857 4018 1947 4094 veri
1958 4008 2206 4090 foliolivesti·
2316 4098 2320 4109 ¹

501 4139 579 4230 gio,
593 4135 722 4211 statim
737 4135 880 4213 fronde
897 4137 1055 4212 varia&
1063 4143 1184 4213 matri
1193 4141 1275 4215 suae
1284 4141 1624 4218 simillima-eterra
1637 4146 1789 4218 emicat
1805 4137 2208 4237 Raroejusmodistir·

501 4284 575 4361 pes
587 4286 643 4336 ex
653 4261 1222 4358 seminibus-prognascuntur,
1235 4267 1301 4341 sed
1313 4266 1772 4364 frequentiusegemmis
1780 4267 2020 4368 fimpiicibus
2032 4264 2058 4342 s.
2071 4289 2206 4364 carpo·

500 4386 684 4486 morphis
699 4389 1014 4484 progerminant,
1028 4398 1077 4463 ut
1088 4388 1246 4488 Fungi,
1260 4392 1478 4489 Limenes,
1492 4391 1714 4472 Confervae
1735 4395 1774 4472 δε
1788 4396 1875 4471 aliae
1883 4395 2064 4491 quaedam
2074 4392 2205 4488 Algae.

598 4567 967 4671 Monocoiyledoneum
982 4568 1097 4669 semen
1120 4574 1193 4659 est',
1219 4576 1604 4674 quodemb'ryonem
1627 4583 1950 4674 integerrimum,
1986 4579 2096 4653 nulia
2116 4597 2204 4675 pera

500 4696 672 4794 reptibili
697 4698 798 4770 rima
820 4696 1000 4782 incisum,
1027 4720 1198 4794 eumque
1220 4704 1471 4800 vel'penitus
1484 4703 1673 4791 liberum,
1699 4708 1780 4783 vel'
1793 4714 1902 4781 certe
1923 4705 1990 4780 sua
2012 4706 2204 4782 extremi·

499 4830 580 4896 tate
602 4821 789 4898 radiculae
812 4823 999 4922 oppoiita
1016 4850 1040 4898 a
1058 4827 1227 4922 reliquo:
1236 4828 1379 4906 nucleo
1403 4829 1605 4920 solutum,
1629 4835 1732 4907 intra
1757 4833 1796 4908 se
1810 4831 1972 4908 claudit,
2020 4829 2209 4929 Duplicis

499 4949 660 5044 generis
680 4948 769 5023 sunt
790 4951 877 5025 haec
897 4950 1063 5039 semina,
1087 4974 1245 5051 nempe

2047 5082 2207 5135 monoco-
