<?xml version="1.0" encoding="UTF-8"?>
<!DOCTYPE html PUBLIC "-//W3C//DTD XHTML 1.0 Transitional//EN"
    "http://www.w3.org/TR/xhtml1/DTD/xhtml1-transitional.dtd">
<html xmlns="http://www.w3.org/1999/xhtml" xml:lang="en" lang="en">
 <head>
  <title>
</title>
<meta http-equiv="Content-Type" content="text/html;charset=utf-8" />
  <meta name='ocr-system' content='tesseract 3.04.00' />
  <meta name='ocr-capabilities' content='ocr_page ocr_carea ocr_par ocr_line ocrx_word'/>
</head>
<body>
  <div class='ocr_page' id='page_1' title='image "./defructibusetse00gaergoog_0098.png"; bbox 0 0 4852 6062; ppageno 0'>
   <div class='ocr_carea' id='block_1_1' title="bbox 932 494 1938 549">
    <p class='ocr_par' dir='ltr' id='par_1_1' title="bbox 932 494 1938 549">
     <span class='ocr_line' id='line_1_1' title="bbox 932 494 1938 549; baseline 0.001 -1"><span class='ocrx_word' id='word_1_1' title='bbox 932 494 1241 529; x_wconf 77' lang='grc'><em>““““““““““““</em></span> <span class='ocrx_word' id='word_1_2' title='bbox 1788 494 1938 549; x_wconf 69' lang='lat' dir='ltr'><strong>axx1x</strong></span> 
     </span>
    </p>
   </div>
   <div class='ocr_carea' id='block_1_2' title="bbox 216 693 1941 1431">
    <p class='ocr_par' dir='ltr' id='par_1_2' title="bbox 216 693 1941 1431">
     <span class='ocr_line' id='line_1_2' title="bbox 324 693 1937 797; baseline 0.002 -20"><span class='ocrx_word' id='word_1_3' title='bbox 324 699 439 789; x_wconf 81' lang='lat' dir='ltr'><strong>Inter</strong></span> <span class='ocrx_word' id='word_1_4' title='bbox 459 699 648 797; x_wconf 85' lang='lat' dir='ltr'><strong>proprias</strong></span> <span class='ocrx_word' id='word_1_5' title='bbox 672 693 711 771; x_wconf 78' lang='grc' dir='ltr'><strong>δι</strong></span> <span class='ocrx_word' id='word_1_6' title='bbox 727 694 940 791; x_wconf 81' lang='lat' dir='ltr'><strong>inquitinas</strong></span> <span class='ocrx_word' id='word_1_7' title='bbox 960 695 1164 774; x_wconf 87' lang='lat' dir='ltr'><strong>fructuum</strong></span> <span class='ocrx_word' id='word_1_8' title='bbox 1181 700 1411 793; x_wconf 89' lang='lat' dir='ltr'><strong>qualitates,</strong></span> <span class='ocrx_word' id='word_1_9' title='bbox 1436 700 1485 774; x_wconf 92' lang='lat' dir='ltr'><strong>de</strong></span> <span class='ocrx_word' id='word_1_10' title='bbox 1502 697 1655 794; x_wconf 88' lang='lat' dir='ltr'><strong>&#39;quibus</strong></span> <span class='ocrx_word' id='word_1_11' title='bbox 1679 724 1786 778; x_wconf 89' lang='lat' dir='ltr'><strong>nunc</strong></span> <span class='ocrx_word' id='word_1_12' title='bbox 1805 705 1937 783; x_wconf 88' lang='lat' dir='ltr'><strong>dicen-</strong></span> 
     </span>
     <span class='ocr_line' id='line_1_3' title="bbox 220 824 1937 925; baseline 0.001 -22"><span class='ocrx_word' id='word_1_13' title='bbox 220 829 338 923; x_wconf 87' lang='lat' dir='ltr'><strong>dum,</strong></span> <span class='ocrx_word' id='word_1_14' title='bbox 362 828 510 902; x_wconf 84' lang='lat' dir='ltr'><strong>referri</strong></span> <span class='ocrx_word' id='word_1_15' title='bbox 529 824 769 925; x_wconf 78' lang='lat' dir='ltr'><strong>potissimum</strong></span> <span class='ocrx_word' id='word_1_16' title='bbox 786 833 993 905; x_wconf 86' lang='lat' dir='ltr'><strong>merentur</strong></span> <span class='ocrx_word' id='word_1_17' title='bbox 1010 848 1152 923; x_wconf 86' lang='lat' dir='ltr'><strong>eorum</strong></span> <span class='ocrx_word' id='word_1_18' title='bbox 1174 825 1420 902; x_wconf 76' lang='lat' dir='ltr'><strong>consistentia</strong></span> <span class='ocrx_word' id='word_1_19' title='bbox 1442 836 1561 920; x_wconf 88' lang='lat' dir='ltr'><strong>atque</strong></span> <span class='ocrx_word' id='word_1_20' title='bbox 1577 827 1741 924; x_wconf 85' lang='lat' dir='ltr'><strong>fabrica,</strong></span> <span class='ocrx_word' id='word_1_21' title='bbox 1766 839 1846 904; x_wconf 92' lang='lat' dir='ltr'><strong>tam</strong></span> <span class='ocrx_word' id='word_1_22' title='bbox 1868 855 1937 905; x_wconf 91' lang='lat' dir='ltr'><strong>ex·</strong></span> 
     </span>
     <span class='ocr_line' id='line_1_4' title="bbox 216 949 1936 1052; baseline -0.001 -20"><span class='ocrx_word' id='word_1_23' title='bbox 216 969 359 1049; x_wconf 86' lang='lat' dir='ltr'><strong>terna,</strong></span> <span class='ocrx_word' id='word_1_24' title='bbox 385 978 504 1050; x_wconf 87' lang='lat' dir='ltr'><strong>quam</strong></span> <span class='ocrx_word' id='word_1_25' title='bbox 518 957 685 1029; x_wconf 86' lang='lat' dir='ltr'><strong>interna.</strong></span> <span class='ocrx_word' id='word_1_26' title='bbox 736 949 878 1025; x_wconf 85' lang='lat' dir='ltr'><strong>Ovarii</strong></span> <span class='ocrx_word' id='word_1_27' title='bbox 896 951 970 1026; x_wconf 90' lang='lat' dir='ltr'><strong>scil.</strong></span> <span class='ocrx_word' id='word_1_28' title='bbox 986 956 1188 1027; x_wconf 89' lang='lat' dir='ltr'><strong>immaturi</strong></span> <span class='ocrx_word' id='word_1_29' title='bbox 1206 953 1451 1027; x_wconf 86' lang='lat' dir='ltr'><strong>consistentia</strong></span> <span class='ocrx_word' id='word_1_30' title='bbox 1468 954 1623 1052; x_wconf 88' lang='lat' dir='ltr'><strong>semper</strong></span> <span class='ocrx_word' id='word_1_31' title='bbox 1636 952 1769 1031; x_wconf 86' lang='lat' dir='ltr'><strong>mollis</strong></span> <span class='ocrx_word' id='word_1_32' title='bbox 1789 957 1828 1032; x_wconf 89' lang='lat'>&amp;</span> <span class='ocrx_word' id='word_1_33' title='bbox 1840 960 1936 1033; x_wconf 77' lang='lat' dir='ltr'><strong>lier-</strong></span> 
     </span>
     <span class='ocr_line' id='line_1_5' title="bbox 218 1062 1938 1178; baseline 0 -18"><span class='ocrx_word' id='word_1_34' title='bbox 218 1083 341 1160; x_wconf 89' lang='lat' dir='ltr'><strong>bacea</strong></span> <span class='ocrx_word' id='word_1_35' title='bbox 362 1080 439 1165; x_wconf 88' lang='lat' dir='ltr'><strong>est,</strong></span> <span class='ocrx_word' id='word_1_36' title='bbox 464 1091 512 1155; x_wconf 89' lang='lat' dir='ltr'><strong>ut</strong></span> <span class='ocrx_word' id='word_1_37' title='bbox 529 1079 693 1154; x_wconf 90' lang='lat' dir='ltr'><strong>extendi</strong></span> <span class='ocrx_word' id='word_1_38' title='bbox 718 1076 758 1152; x_wconf 73' lang='grc' dir='ltr'><strong>δι</strong></span> <span class='ocrx_word' id='word_1_39' title='bbox 777 1074 816 1150; x_wconf 86' lang='lat' dir='ltr'><strong>in</strong></span> <span class='ocrx_word' id='word_1_40' title='bbox 832 1072 978 1173; x_wconf 88' lang='lat' dir='ltr'><strong>justam</strong></span> <span class='ocrx_word' id='word_1_41' title='bbox 998 1078 1169 1155; x_wconf 88' lang='lat' dir='ltr'><strong>sormam</strong></span> <span class='ocrx_word' id='word_1_42' title='bbox 1193 1080 1330 1156; x_wconf 85' lang='lat' dir='ltr'><strong>sensim</strong></span> <span class='ocrx_word' id='word_1_43' title='bbox 1353 1080 1451 1174; x_wconf 85' lang='lat' dir='ltr'><strong>fingi</strong></span> <span class='ocrx_word' id='word_1_44' title='bbox 1472 1078 1606 1178; x_wconf 69' lang='lat' dir='ltr'><strong>possit,</strong></span> <span class='ocrx_word' id='word_1_45' title='bbox 1643 1105 1734 1156; x_wconf 91' lang='lat' dir='ltr'><strong>cum</strong></span> <span class='ocrx_word' id='word_1_46' title='bbox 1760 1062 1864 1161; x_wconf 90' lang='lat' dir='ltr'><strong>vero</strong></span> <span class='ocrx_word' id='word_1_47' title='bbox 1887 1085 1938 1161; x_wconf 72' lang='lat' dir='ltr'><strong>acl</strong></span> 
     </span>
     <span class='ocr_line' id='line_1_6' title="bbox 217 1205 1941 1304; baseline -0.001 -18"><span class='ocrx_word' id='word_1_48' title='bbox 217 1212 492 1286; x_wconf 78' lang='lat' dir='ltr'><strong>maturitatem</strong></span> <span class='ocrx_word' id='word_1_49' title='bbox 514 1205 620 1281; x_wconf 90' lang='lat' dir='ltr'><strong>suam</strong></span> <span class='ocrx_word' id='word_1_50' title='bbox 635 1209 951 1304; x_wconf 81' lang='lat' dir='ltr'><strong>appropinquat,</strong></span> <span class='ocrx_word' id='word_1_51' title='bbox 973 1205 1169 1303; x_wconf 74' lang='lat' dir='ltr'><strong>duplicem</strong></span> <span class='ocrx_word' id='word_1_52' title='bbox 1185 1209 1407 1301; x_wconf 79' lang='lat' dir='ltr'><strong>generatim</strong></span> <span class='ocrx_word' id='word_1_53' title='bbox 1424 1214 1636 1304; x_wconf 85' lang='lat' dir='ltr'><strong>experitur</strong></span> <span class='ocrx_word' id='word_1_54' title='bbox 1653 1209 1812 1287; x_wconf 87' lang='lat' dir='ltr'><strong>sortem.</strong></span> <span class='ocrx_word' id='word_1_55' title='bbox 1847 1208 1941 1285; x_wconf 89' lang='lat' dir='ltr'><strong>Aut</strong></span> 
     </span>
     <span class='ocr_line' id='line_1_7' title="bbox 217 1328 1936 1431; baseline -0.001 -18"><span class='ocrx_word' id='word_1_56' title='bbox 217 1339 328 1413; x_wconf 90' lang='lat' dir='ltr'><strong>enim</strong></span> <span class='ocrx_word' id='word_1_57' title='bbox 354 1341 602 1410; x_wconf 77' lang='lat' dir='ltr'><strong>extenuatur</strong></span> <span class='ocrx_word' id='word_1_58' title='bbox 626 1331 665 1407; x_wconf 74' lang='grc' dir='ltr'><strong>δι</strong></span> <span class='ocrx_word' id='word_1_59' title='bbox 692 1356 782 1406; x_wconf 92' lang='lat' dir='ltr'><strong>cum</strong></span> <span class='ocrx_word' id='word_1_60' title='bbox 820 1331 1020 1430; x_wconf 88' lang='lat' dir='ltr'><strong>dispendio</strong></span> <span class='ocrx_word' id='word_1_61' title='bbox 1052 1328 1233 1406; x_wconf 73' lang='lat' dir='ltr'><strong>crassitiei</strong></span> <span class='ocrx_word' id='word_1_62' title='bbox 1262 1332 1359 1417; x_wconf 82' lang='lat' dir='ltr'><strong>suae,</strong></span> <span class='ocrx_word' id='word_1_63' title='bbox 1399 1334 1519 1431; x_wconf 89' lang='lat' dir='ltr'><strong>paulo</strong></span> <span class='ocrx_word' id='word_1_64' title='bbox 1545 1329 1737 1428; x_wconf 88' lang='lat' dir='ltr'><strong>majorem</strong></span> <span class='ocrx_word' id='word_1_65' title='bbox 1766 1338 1936 1430; x_wconf 86' lang='lat' dir='ltr'><strong>acquirit</strong></span> 
     </span>
    </p>
   </div>
   <div class='ocr_carea' id='block_1_3' title="bbox 97 1456 1935 1558">
    <p class='ocr_par' dir='ltr' id='par_1_3' title="bbox 97 1456 1935 1558">
     <span class='ocr_line' id='line_1_8' title="bbox 97 1456 1935 1558; baseline -0.002 -18"><span class='ocrx_word' id='word_1_66' title='bbox 97 1512 103 1519; x_wconf 95' lang='lat'>-</span> <span class='ocrx_word' id='word_1_67' title='bbox 217 1462 554 1558; x_wconf 66' lang='lat' dir='ltr'><strong>magnitudinem</strong></span> <span class='ocrx_word' id='word_1_68' title='bbox 580 1469 649 1534; x_wconf 88' lang='lat' dir='ltr'><strong>aut</strong></span> <span class='ocrx_word' id='word_1_69' title='bbox 663 1457 877 1533; x_wconf 87' lang='lat' dir='ltr'><strong>seeundum</strong></span> <span class='ocrx_word' id='word_1_70' title='bbox 897 1479 1039 1535; x_wconf 88' lang='lat' dir='ltr'><strong>omnes</strong></span> <span class='ocrx_word' id='word_1_71' title='bbox 1058 1459 1147 1533; x_wconf 89' lang='lat' dir='ltr'><strong>suas</strong></span> <span class='ocrx_word' id='word_1_72' title='bbox 1170 1456 1435 1535; x_wconf 78' lang='lat' dir='ltr'><strong>dimensiones</strong></span> <span class='ocrx_word' id='word_1_73' title='bbox 1451 1458 1701 1543; x_wconf 82' lang='lat' dir='ltr'><strong>incrassatur,</strong></span> <span class='ocrx_word' id='word_1_74' title='bbox 1727 1471 1847 1556; x_wconf 81' lang='lat' dir='ltr'><strong>atque</strong></span> <span class='ocrx_word' id='word_1_75' title='bbox 1860 1485 1935 1539; x_wconf 83' lang='lat' dir='ltr'><strong>va-</strong></span> 
     </span>
    </p>
   </div>
   <div class='ocr_carea' id='block_1_4' title="bbox 204 1584 1952 3073">
    <p class='ocr_par' dir='ltr' id='par_1_4' title="bbox 204 1584 1952 3073">
     <span class='ocr_line' id='line_1_9' title="bbox 217 1584 1937 1685; baseline -0.001 -19"><span class='ocrx_word' id='word_1_76' title='bbox 217 1596 306 1667; x_wconf 83' lang='lat' dir='ltr'><strong>rias</strong></span> <span class='ocrx_word' id='word_1_77' title='bbox 330 1587 592 1666; x_wconf 79' lang='lat' dir='ltr'><strong>consrstentiae</strong></span> <span class='ocrx_word' id='word_1_78' title='bbox 611 1586 693 1661; x_wconf 84' lang='lat' dir='ltr'><strong>suae</strong></span> <span class='ocrx_word' id='word_1_79' title='bbox 713 1590 865 1685; x_wconf 86' lang='lat' dir='ltr'><strong>patitur</strong></span> <span class='ocrx_word' id='word_1_80' title='bbox 891 1589 1147 1661; x_wconf 88' lang='lat' dir='ltr'><strong>mutationes.</strong></span> <span class='ocrx_word' id='word_1_81' title='bbox 1198 1584 1275 1670; x_wconf 85' lang='lat' dir='ltr'><strong>Ita,</strong></span> <span class='ocrx_word' id='word_1_82' title='bbox 1301 1588 1341 1660; x_wconf 93' lang='lat' dir='ltr'><strong>in</strong></span> <span class='ocrx_word' id='word_1_83' title='bbox 1367 1588 1495 1684; x_wconf 85' lang='lat' dir='ltr'><strong>priori</strong></span> <span class='ocrx_word' id='word_1_84' title='bbox 1521 1586 1626 1679; x_wconf 85' lang='lat' dir='ltr'><strong>casu,</strong></span> <span class='ocrx_word' id='word_1_85' title='bbox 1651 1585 1937 1664; x_wconf 87' lang='lat' dir='ltr'><strong>obeliusculum</strong></span> 
     </span>
     <span class='ocr_line' id='line_1_10' title="bbox 216 1712 1952 1823; baseline -0.003 -30"><span class='ocrx_word' id='word_1_86' title='bbox 216 1730 339 1793; x_wconf 88' lang='lat' dir='ltr'><strong>antea</strong></span> <span class='ocrx_word' id='word_1_87' title='bbox 360 1717 567 1799; x_wconf 86' lang='lat' dir='ltr'><strong>ovarium,</strong></span> <span class='ocrx_word' id='word_1_88' title='bbox 593 1716 634 1786; x_wconf 84' lang='lat' dir='ltr'><strong>in</strong></span> <span class='ocrx_word' id='word_1_89' title='bbox 655 1713 907 1789; x_wconf 82' lang='lat' dir='ltr'><strong>omnibuslic</strong></span> <span class='ocrx_word' id='word_1_90' title='bbox 920 1714 1033 1791; x_wconf 90' lang='lat' dir='ltr'><strong>dictis</strong></span> <span class='ocrx_word' id='word_1_91' title='bbox 1049 1714 1265 1790; x_wconf 85' lang='lat' dir='ltr'><strong>seminibus</strong></span> <span class='ocrx_word' id='word_1_92' title='bbox 1284 1712 1425 1796; x_wconf 65' lang='lat' dir='ltr'><strong>nudis,</strong></span> <span class='ocrx_word' id='word_1_93' title='bbox 1451 1736 1543 1787; x_wconf 90' lang='lat' dir='ltr'><strong>eum</strong></span> <span class='ocrx_word' id='word_1_94' title='bbox 1570 1716 1611 1785; x_wconf 87' lang='lat' dir='ltr'><strong>in</strong></span> <span class='ocrx_word' id='word_1_95' title='bbox 1630 1712 1793 1788; x_wconf 85' lang='lat' dir='ltr'><strong>modum</strong></span> <span class='ocrx_word' id='word_1_96' title='bbox 1817 1724 1952 1823; x_wconf 59' lang='lat' dir='ltr'><strong>exte-⁸</strong></span> 
     </span>
     <span class='ocr_line' id='line_1_11' title="bbox 216 1838 1934 1939; baseline -0.002 -20"><span class='ocrx_word' id='word_1_97' title='bbox 216 1855 390 1927; x_wconf 89' lang='lat' dir='ltr'><strong>nuatur,</strong></span> <span class='ocrx_word' id='word_1_98' title='bbox 413 1852 460 1916; x_wconf 94' lang='lat' dir='ltr'><strong>ut</strong></span> <span class='ocrx_word' id='word_1_99' title='bbox 473 1841 631 1916; x_wconf 88' lang='lat' dir='ltr'><strong>demum</strong></span> <span class='ocrx_word' id='word_1_100' title='bbox 654 1854 745 1914; x_wconf 86' lang='lat' dir='ltr'><strong>cum</strong></span> <span class='ocrx_word' id='word_1_101' title='bbox 762 1839 1014 1939; x_wconf 82' lang='lat' dir='ltr'><strong>semineipso</strong></span> <span class='ocrx_word' id='word_1_102' title='bbox 1023 1838 1201 1916; x_wconf 86' lang='lat' dir='ltr'><strong>confluat</strong></span> <span class='ocrx_word' id='word_1_103' title='bbox 1214 1840 1253 1914; x_wconf 68' lang='grc' dir='ltr'>ἃ</span> <span class='ocrx_word' id='word_1_104' title='bbox 1274 1861 1399 1912; x_wconf 92' lang='lat' dir='ltr'><strong>unum</strong></span> <span class='ocrx_word' id='word_1_105' title='bbox 1416 1862 1506 1913; x_wconf 86' lang='lat' dir='ltr'><strong>eum</strong></span> <span class='ocrx_word' id='word_1_106' title='bbox 1518 1864 1566 1915; x_wconf 87' lang='lat' dir='ltr'><strong>eo</strong></span> <span class='ocrx_word' id='word_1_107' title='bbox 1581 1841 1830 1932; x_wconf 84' lang='lat' dir='ltr'><strong>indiscretum</strong></span> <span class='ocrx_word' id='word_1_108' title='bbox 1847 1840 1934 1916; x_wconf 86' lang='lat' dir='ltr'><strong>effi-</strong></span> 
     </span>
     <span class='ocr_line' id='line_1_12' title="bbox 215 1965 1936 2073; baseline -0.003 -27"><span class='ocrx_word' id='word_1_109' title='bbox 215 1973 295 2046; x_wconf 90' lang='lat' dir='ltr'><strong>ciat</strong></span> <span class='ocrx_word' id='word_1_110' title='bbox 309 1988 478 2067; x_wconf 84' lang='lat' dir='ltr'><strong>corpus;</strong></span> <span class='ocrx_word' id='word_1_111' title='bbox 505 1971 559 2041; x_wconf 87' lang='lat' dir='ltr'><strong>ita</strong></span> <span class='ocrx_word' id='word_1_112' title='bbox 578 1971 618 2040; x_wconf 90' lang='lat' dir='ltr'><strong>in</strong></span> <span class='ocrx_word' id='word_1_113' title='bbox 636 1965 904 2044; x_wconf 82' lang='lat' dir='ltr'><strong>Verbenaceis</strong></span> <span class='ocrx_word' id='word_1_114' title='bbox 921 1967 1150 2073; x_wconf 80' lang='lat' dir='ltr'><strong>nonnulliS,</strong></span> <span class='ocrx_word' id='word_1_115' title='bbox 1171 1967 1304 2043; x_wconf 91' lang='lat' dir='ltr'><strong>mollis</strong></span> <span class='ocrx_word' id='word_1_116' title='bbox 1329 1968 1435 2039; x_wconf 89' lang='lat' dir='ltr'><strong>uteri</strong></span> <span class='ocrx_word' id='word_1_117' title='bbox 1458 1966 1685 2050; x_wconf 83' lang='lat' dir='ltr'><strong>substantia,</strong></span> <span class='ocrx_word' id='word_1_118' title='bbox 1711 1988 1790 2060; x_wconf 87' lang='lat' dir='ltr'><strong>qua</strong></span> <span class='ocrx_word' id='word_1_119' title='bbox 1811 1969 1936 2045; x_wconf 87' lang='lat' dir='ltr'><strong>ovula</strong></span> 
     </span>
     <span class='ocr_line' id='line_1_13' title="bbox 216 2094 1937 2192; baseline -0.002 -21"><span class='ocrx_word' id='word_1_120' title='bbox 216 2099 330 2171; x_wconf 87' lang='lat' dir='ltr'><strong>inter</strong></span> <span class='ocrx_word' id='word_1_121' title='bbox 339 2097 377 2170; x_wconf 89' lang='lat' dir='ltr'><strong>se</strong></span> <span class='ocrx_word' id='word_1_122' title='bbox 395 2098 577 2169; x_wconf 86' lang='lat' dir='ltr'><strong>revincta</strong></span> <span class='ocrx_word' id='word_1_123' title='bbox 596 2102 731 2187; x_wconf 86' lang='lat' dir='ltr'><strong>erant,</strong></span> <span class='ocrx_word' id='word_1_124' title='bbox 757 2115 833 2190; x_wconf 86' lang='lat' dir='ltr'><strong>per</strong></span> <span class='ocrx_word' id='word_1_125' title='bbox 859 2099 1127 2169; x_wconf 78' lang='lat' dir='ltr'><strong>maturitatem</strong></span> <span class='ocrx_word' id='word_1_126' title='bbox 1149 2097 1309 2192; x_wconf 88' lang='lat' dir='ltr'><strong>penitus</strong></span> <span class='ocrx_word' id='word_1_127' title='bbox 1325 2096 1537 2178; x_wconf 81' lang='lat' dir='ltr'><strong>exarescit,</strong></span> <span class='ocrx_word' id='word_1_128' title='bbox 1561 2103 1608 2166; x_wconf 92' lang='lat' dir='ltr'><strong>ut</strong></span> <span class='ocrx_word' id='word_1_129' title='bbox 1629 2094 1792 2177; x_wconf 91' lang='lat' dir='ltr'><strong>semina,</strong></span> <span class='ocrx_word' id='word_1_130' title='bbox 1818 2095 1937 2167; x_wconf 87' lang='lat' dir='ltr'><strong>nullo</strong></span> 
     </span>
     <span class='ocr_line' id='line_1_14' title="bbox 215 2212 1939 2321; baseline -0.003 -22"><span class='ocrx_word' id='word_1_131' title='bbox 215 2223 397 2321; x_wconf 89' lang='lat' dir='ltr'><strong>amplius</strong></span> <span class='ocrx_word' id='word_1_132' title='bbox 407 2222 608 2294; x_wconf 90' lang='lat' dir='ltr'><strong>communi</strong></span> <span class='ocrx_word' id='word_1_133' title='bbox 622 2221 800 2314; x_wconf 89' lang='lat' dir='ltr'><strong>tegmine</strong></span> <span class='ocrx_word' id='word_1_134' title='bbox 817 2221 1046 2318; x_wconf 87' lang='lat' dir='ltr'><strong>complexa,</strong></span> <span class='ocrx_word' id='word_1_135' title='bbox 1073 2222 1213 2320; x_wconf 88' lang='lat' dir='ltr'><strong>sponte</strong></span> <span class='ocrx_word' id='word_1_136' title='bbox 1227 2220 1466 2303; x_wconf 81' lang='lat' dir='ltr'><strong>dilabantur3</strong></span> <span class='ocrx_word' id='word_1_137' title='bbox 1492 2220 1531 2294; x_wconf 74' lang='lat' dir='ltr'><strong>tir</strong></span> <span class='ocrx_word' id='word_1_138' title='bbox 1542 2223 1593 2294; x_wconf 83' lang='lat' dir='ltr'><strong>ita</strong></span> <span class='ocrx_word' id='word_1_139' title='bbox 1608 2221 1727 2293; x_wconf 86' lang='lat' dir='ltr'><strong>etiam</strong></span> <span class='ocrx_word' id='word_1_140' title='bbox 1744 2222 1783 2291; x_wconf 92' lang='lat' dir='ltr'><strong>in</strong></span> <span class='ocrx_word' id='word_1_141' title='bbox 1797 2212 1939 2317; x_wconf 81' lang='lat' dir='ltr'><strong>Sicyo,</strong></span> 
     </span>
     <span class='ocr_line' id='line_1_15' title="bbox 216 2344 1934 2431; baseline -0.001 -8"><span class='ocrx_word' id='word_1_142' title='bbox 216 2355 430 2423; x_wconf 78' lang='lat' dir='ltr'><strong>immatura</strong></span> <span class='ocrx_word' id='word_1_143' title='bbox 444 2349 562 2423; x_wconf 83' lang='lat' dir='ltr'><strong>bacca</strong></span> <span class='ocrx_word' id='word_1_144' title='bbox 577 2344 841 2430; x_wconf 87' lang='lat' dir='ltr'><strong>craffiuscula,</strong></span> <span class='ocrx_word' id='word_1_145' title='bbox 865 2344 1004 2420; x_wconf 79' lang='lat' dir='ltr'><strong>sensim</strong></span> <span class='ocrx_word' id='word_1_146' title='bbox 1020 2370 1112 2422; x_wconf 92' lang='lat' dir='ltr'><strong>eum</strong></span> <span class='ocrx_word' id='word_1_147' title='bbox 1134 2350 1173 2420; x_wconf 93' lang='lat' dir='ltr'><strong>in</strong></span> <span class='ocrx_word' id='word_1_148' title='bbox 1190 2348 1353 2422; x_wconf 78' lang='lat' dir='ltr'><strong>modum</strong></span> <span class='ocrx_word' id='word_1_149' title='bbox 1369 2347 1626 2431; x_wconf 81' lang='lat' dir='ltr'><strong>contabescit,</strong></span> <span class='ocrx_word' id='word_1_150' title='bbox 1650 2355 1697 2419; x_wconf 89' lang='lat' dir='ltr'><strong>ut</strong></span> <span class='ocrx_word' id='word_1_151' title='bbox 1715 2344 1875 2420; x_wconf 77' lang='lat' dir='ltr'><strong>demum</strong></span> <span class='ocrx_word' id='word_1_152' title='bbox 1892 2349 1934 2421; x_wconf 87' lang='lat' dir='ltr'><strong>in</strong></span> 
     </span>
     <span class='ocr_line' id='line_1_16' title="bbox 214 2471 1933 2573; baseline -0.002 -23"><span class='ocrx_word' id='word_1_153' title='bbox 214 2473 486 2550; x_wconf 80' lang='lat' dir='ltr'><strong>tenniffimam·</strong></span> <span class='ocrx_word' id='word_1_154' title='bbox 497 2475 616 2548; x_wconf 89' lang='lat' dir='ltr'><strong>abeat</strong></span> <span class='ocrx_word' id='word_1_155' title='bbox 627 2472 874 2573; x_wconf 85' lang='lat' dir='ltr'><strong>pelliculam,</strong></span> <span class='ocrx_word' id='word_1_156' title='bbox 895 2472 1033 2547; x_wconf 87' lang='lat' dir='ltr'><strong>femini</strong></span> <span class='ocrx_word' id='word_1_157' title='bbox 1052 2473 1388 2571; x_wconf 77' lang='lat' dir='ltr'><strong>superinductam,</strong></span> <span class='ocrx_word' id='word_1_158' title='bbox 1414 2496 1532 2567; x_wconf 86' lang='lat' dir='ltr'><strong>quam</strong></span> <span class='ocrx_word' id='word_1_159' title='bbox 1548 2474 1628 2547; x_wconf 89' lang='lat' dir='ltr'><strong>vix</strong></span> <span class='ocrx_word' id='word_1_160' title='bbox 1637 2471 1824 2546; x_wconf 83' lang='lat' dir='ltr'><strong>crederes</strong></span> <span class='ocrx_word' id='word_1_161' title='bbox 1837 2474 1933 2546; x_wconf 89' lang='lat' dir='ltr'><strong>olim</strong></span> 
     </span>
     <span class='ocr_line' id='line_1_17' title="bbox 204 2576 1936 2693; baseline -0.002 -19"><span class='ocrx_word' id='word_1_162' title='bbox 204 2599 329 2675; x_wconf 73' lang='lat' dir='ltr'><strong>¹i&#39;uille</strong></span> <span class='ocrx_word' id='word_1_163' title='bbox 345 2602 511 2674; x_wconf 87' lang='lat' dir='ltr'><strong>baccam.</strong></span> <span class='ocrx_word' id='word_1_164' title='bbox 566 2599 610 2672; x_wconf 93' lang='lat' dir='ltr'><strong>In</strong></span> <span class='ocrx_word' id='word_1_165' title='bbox 626 2600 689 2672; x_wconf 88' lang='lat' dir='ltr'><strong>his</strong></span> <span class='ocrx_word' id='word_1_166' title='bbox 705 2576 827 2693; x_wconf 78' lang='lat' dir='ltr'><strong>ergo,</strong></span> <span class='ocrx_word' id='word_1_167' title='bbox 849 2599 1017 2693; x_wconf 85' lang='lat' dir='ltr'><strong>aliisque</strong></span> <span class='ocrx_word' id='word_1_168' title='bbox 1031 2601 1242 2674; x_wconf 78' lang='lat' dir='ltr'><strong>nonnullis</strong></span> <span class='ocrx_word' id='word_1_169' title='bbox 1256 2600 1423 2692; x_wconf 75' lang='lat' dir='ltr'><strong>casibus,</strong></span> <span class='ocrx_word' id='word_1_170' title='bbox 1450 2600 1561 2671; x_wconf 65' lang='lat' dir='ltr'><strong>uteri*</strong></span> <span class='ocrx_word' id='word_1_171' title='bbox 1570 2597 1798 2681; x_wconf 80' lang='lat' dir='ltr'><strong>substantia,</strong></span> <span class='ocrx_word' id='word_1_172' title='bbox 1825 2596 1936 2692; x_wconf 87' lang='lat' dir='ltr'><strong>quali</strong></span> 
     </span>
     <span class='ocr_line' id='line_1_18' title="bbox 213 2723 1934 2823; baseline -0.002 -22"><span class='ocrx_word' id='word_1_173' title='bbox 213 2728 506 2802; x_wconf 69' lang='lat' dir='ltr'><strong>detrimentum</strong></span> <span class='ocrx_word' id='word_1_174' title='bbox 528 2749 602 2823; x_wconf 90' lang='lat' dir='ltr'><strong>per</strong></span> <span class='ocrx_word' id='word_1_175' title='bbox 628 2726 899 2799; x_wconf 83' lang='lat' dir='ltr'><strong>maturitatem</strong></span> <span class='ocrx_word' id='word_1_176' title='bbox 922 2726 1046 2822; x_wconf 87' lang='lat' dir='ltr'><strong>capit,</strong></span> <span class='ocrx_word' id='word_1_177' title='bbox 1073 2727 1144 2800; x_wconf 88' lang='lat' dir='ltr'><strong>vel</strong></span> <span class='ocrx_word' id='word_1_178' title='bbox 1171 2727 1306 2800; x_wconf 89' lang='lat' dir='ltr'><strong>saltem</strong></span> <span class='ocrx_word' id='word_1_179' title='bbox 1329 2728 1381 2800; x_wconf 90' lang='lat' dir='ltr'><strong>ita</strong></span> <span class='ocrx_word' id='word_1_180' title='bbox 1403 2727 1674 2807; x_wconf 90' lang='lat' dir='ltr'><strong>imminuitur,</strong></span> <span class='ocrx_word' id='word_1_181' title='bbox 1708 2734 1755 2796; x_wconf 92' lang='lat' dir='ltr'><strong>ut</strong></span> <span class='ocrx_word' id='word_1_182' title='bbox 1777 2723 1934 2822; x_wconf 78' lang='lat' dir='ltr'><strong>periisse</strong></span> 
     </span>
     <span class='ocr_line' id='line_1_19' title="bbox 212 2850 1938 2945; baseline -0.002 -16"><span class='ocrx_word' id='word_1_183' title='bbox 212 2853 428 2935; x_wconf 78' lang='lat' dir='ltr'><strong>videatur3</strong></span> <span class='ocrx_word' id='word_1_184' title='bbox 455 2855 497 2925; x_wconf 92' lang='lat' dir='ltr'><strong>in</strong></span> <span class='ocrx_word' id='word_1_185' title='bbox 520 2852 709 2925; x_wconf 86' lang='lat' dir='ltr'><strong>omnibus</strong></span> <span class='ocrx_word' id='word_1_186' title='bbox 727 2858 865 2923; x_wconf 85' lang='lat' dir='ltr'><strong>autem</strong></span> <span class='ocrx_word' id='word_1_187' title='bbox 888 2851 1072 2943; x_wconf 90' lang='lat' dir='ltr'><strong>reliquis,</strong></span> <span class='ocrx_word' id='word_1_188' title='bbox 1109 2851 1371 2927; x_wconf 82' lang='lat' dir='ltr'><strong>adolescendo</strong></span> <span class='ocrx_word' id='word_1_189' title='bbox 1388 2860 1559 2945; x_wconf 67' lang='lat' dir='ltr'><strong>augetur·</strong></span> <span class='ocrx_word' id='word_1_190' title='bbox 1587 2850 1627 2925; x_wconf 71' lang='grc' dir='ltr'><strong>δι</strong></span> <span class='ocrx_word' id='word_1_191' title='bbox 1656 2860 1743 2924; x_wconf 89' lang='lat' dir='ltr'><strong>tam</strong></span> <span class='ocrx_word' id='word_1_192' title='bbox 1769 2850 1938 2937; x_wconf 84' lang='lat' dir='ltr'><strong>formae,</strong></span> 
     </span>
     <span class='ocr_line' id='line_1_20' title="bbox 213 2975 1201 3073; baseline 0.004 -21"><span class='ocrx_word' id='word_1_193' title='bbox 213 3000 337 3073; x_wconf 84' lang='lat' dir='ltr'><strong>quam</strong></span> <span class='ocrx_word' id='word_1_194' title='bbox 351 2976 613 3054; x_wconf 82' lang='lat' dir='ltr'><strong>consistentiae</strong></span> <span class='ocrx_word' id='word_1_195' title='bbox 629 2975 672 3051; x_wconf 65' lang='lat' dir='ltr'><strong>aa</strong></span> <span class='ocrx_word' id='word_1_196' title='bbox 682 2977 802 3052; x_wconf 91' lang='lat' dir='ltr'><strong>molis</strong></span> <span class='ocrx_word' id='word_1_197' title='bbox 819 2977 901 3051; x_wconf 86' lang='lat' dir='ltr'><strong>suae</strong></span> <span class='ocrx_word' id='word_1_198' title='bbox 916 2975 1013 3050; x_wconf 85' lang='lat' dir='ltr'><strong>facit</strong></span> <span class='ocrx_word' id='word_1_199' title='bbox 1029 2975 1201 3056; x_wconf 67' lang='lat' dir='ltr'><strong>lucrum,</strong></span> 
     </span>
    </p>
   </div>
   <div class='ocr_carea' id='block_1_5' title="bbox 208 3188 1982 4558">
    <p class='ocr_par' dir='ltr' id='par_1_5' title="bbox 208 3188 1982 4558">
     <span class='ocr_line' id='line_1_21' title="bbox 315 3188 1936 3290; baseline -0.004 -22"><span class='ocrx_word' id='word_1_200' title='bbox 315 3191 576 3268; x_wconf 83' lang='lat' dir='ltr'><strong>Consistentia</strong></span> <span class='ocrx_word' id='word_1_201' title='bbox 589 3191 747 3267; x_wconf 83' lang='lat' dir='ltr'><strong>fructus</strong></span> <span class='ocrx_word' id='word_1_202' title='bbox 766 3194 932 3278; x_wconf 88' lang='lat' dir='ltr'><strong>maturi,</strong></span> <span class='ocrx_word' id='word_1_203' title='bbox 959 3194 1177 3287; x_wconf 80' lang='lat' dir='ltr'><strong>generatim</strong></span> <span class='ocrx_word' id='word_1_204' title='bbox 1195 3192 1348 3290; x_wconf 76' lang='lat' dir='ltr'><strong>triplex</strong></span> <span class='ocrx_word' id='word_1_205' title='bbox 1359 3188 1472 3266; x_wconf 89' lang='lat' dir='ltr'><strong>statui</strong></span> <span class='ocrx_word' id='word_1_206' title='bbox 1487 3191 1642 3289; x_wconf 74' lang='lat' dir='ltr'><strong>potest:</strong></span> <span class='ocrx_word' id='word_1_207' title='bbox 1662 3192 1936 3289; x_wconf 67' lang='lat' dir='ltr'><strong>duranempe,</strong></span> 
     </span>
     <span class='ocr_line' id='line_1_22' title="bbox 213 3315 1936 3413; baseline -0.001 -19"><span class='ocrx_word' id='word_1_208' title='bbox 213 3319 366 3402; x_wconf 85' lang='lat' dir='ltr'><strong>mollis,</strong></span> <span class='ocrx_word' id='word_1_209' title='bbox 392 3328 515 3413; x_wconf 86' lang='lat' dir='ltr'><strong>atque</strong></span> <span class='ocrx_word' id='word_1_210' title='bbox 532 3320 671 3392; x_wconf 79' lang='lat' dir='ltr'><strong>mixta.</strong></span> <span class='ocrx_word' id='word_1_211' title='bbox 718 3315 823 3391; x_wconf 92' lang='lat' dir='ltr'><strong>Duri</strong></span> <span class='ocrx_word' id='word_1_212' title='bbox 842 3318 1004 3395; x_wconf 83' lang='lat' dir='ltr'><strong>fructus</strong></span> <span class='ocrx_word' id='word_1_213' title='bbox 1028 3321 1206 3393; x_wconf 87' lang='lat' dir='ltr'><strong>omnium</strong></span> <span class='ocrx_word' id='word_1_214' title='bbox 1225 3317 1314 3391; x_wconf 77' lang='lat' dir='ltr'><strong>srmt</strong></span> <span class='ocrx_word' id='word_1_215' title='bbox 1327 3316 1652 3411; x_wconf 77' lang='lat' dir='ltr'><strong>frequentissimi,</strong></span> <span class='ocrx_word' id='word_1_216' title='bbox 1679 3342 1769 3392; x_wconf 86' lang='lat' dir='ltr'><strong>nam</strong></span> <span class='ocrx_word' id='word_1_217' title='bbox 1788 3338 1936 3392; x_wconf 84' lang='lat' dir='ltr'><strong>omnes·</strong></span> 
     </span>
     <span class='ocr_line' id='line_1_23' title="bbox 213 3440 1932 3542; baseline -0.001 -24"><span class='ocrx_word' id='word_1_218' title='bbox 213 3445 429 3518; x_wconf 86' lang='lat' dir='ltr'><strong>censentur</strong></span> <span class='ocrx_word' id='word_1_219' title='bbox 457 3444 565 3530; x_wconf 81' lang='lat' dir='ltr'><strong>duri,</strong></span> <span class='ocrx_word' id='word_1_220' title='bbox 591 3446 929 3542; x_wconf 80' lang='lat' dir='ltr'><strong>qui&#39;apparenter·</strong></span> <span class='ocrx_word' id='word_1_221' title='bbox 954 3470 1010 3521; x_wconf 91' lang='lat' dir='ltr'><strong>ex</strong></span> <span class='ocrx_word' id='word_1_222' title='bbox 1038 3444 1228 3519; x_wconf 69' lang='lat' dir='ltr'><strong>[uniformi</strong></span> <span class='ocrx_word' id='word_1_223' title='bbox 1256 3443 1505 3519; x_wconf 80' lang='lat' dir='ltr'><strong>&amp;exsucca</strong></span> <span class='ocrx_word' id='word_1_224' title='bbox 1532 3440 1740 3519; x_wconf 83' lang='lat' dir='ltr'><strong>substantia</strong></span> <span class='ocrx_word' id='word_1_225' title='bbox 1768 3443 1932 3518; x_wconf 79' lang='lat' dir='ltr'><strong>conflati</strong></span> 
     </span>
     <span class='ocr_line' id='line_1_24' title="bbox 210 3567 1929 3668; baseline -0.003 -19"><span class='ocrx_word' id='word_1_226' title='bbox 210 3572 326 3654; x_wconf 89' lang='lat' dir='ltr'><strong>sunt;</strong></span> <span class='ocrx_word' id='word_1_227' title='bbox 352 3570 502 3665; x_wconf 80' lang='lat' dir='ltr'><strong>gradus</strong></span> <span class='ocrx_word' id='word_1_228' title='bbox 530 3582 664 3647; x_wconf 86' lang='lat' dir='ltr'><strong>autem</strong></span> <span class='ocrx_word' id='word_1_229' title='bbox 691 3570 848 3645; x_wconf 87' lang='lat' dir='ltr'><strong>duritiei</strong></span> <span class='ocrx_word' id='word_1_230' title='bbox 871 3572 1017 3647; x_wconf 89' lang='lat' dir='ltr'><strong>dantur</strong></span> <span class='ocrx_word' id='word_1_231' title='bbox 1044 3573 1266 3655; x_wconf 86' lang='lat' dir='ltr'><strong>innumeri,</strong></span> <span class='ocrx_word' id='word_1_232' title='bbox 1299 3570 1498 3668; x_wconf 85' lang='lat' dir='ltr'><strong>alapidea</strong></span> <span class='ocrx_word' id='word_1_233' title='bbox 1517 3567 1591 3644; x_wconf 88' lang='lat' dir='ltr'><strong>scil.</strong></span> <span class='ocrx_word' id='word_1_234' title='bbox 1615 3591 1707 3664; x_wconf 85' lang='lat' dir='ltr'><strong>quae</strong></span> <span class='ocrx_word' id='word_1_235' title='bbox 1735 3573 1808 3646; x_wconf 86' lang='lat' dir='ltr'><strong>vix</strong></span> <span class='ocrx_word' id='word_1_236' title='bbox 1839 3572 1929 3644; x_wconf 89' lang='lat' dir='ltr'><strong>cha-</strong></span> 
     </span>
     <span class='ocr_line' id='line_1_25' title="bbox 208 3696 1935 3797; baseline 0.001 -26"><span class='ocrx_word' id='word_1_237' title='bbox 208 3699 307 3794; x_wconf 87' lang='lat' dir='ltr'><strong>lybe</strong></span> <span class='ocrx_word' id='word_1_238' title='bbox 330 3699 437 3772; x_wconf 91' lang='lat' dir='ltr'><strong>vinci</strong></span> <span class='ocrx_word' id='word_1_239' title='bbox 453 3708 592 3792; x_wconf 87' lang='lat' dir='ltr'><strong>queat,</strong></span> <span class='ocrx_word' id='word_1_240' title='bbox 620 3697 741 3790; x_wconf 86' lang='lat' dir='ltr'><strong>usque</strong></span> <span class='ocrx_word' id='word_1_241' title='bbox 762 3698 810 3772; x_wconf 87' lang='lat' dir='ltr'><strong>ad</strong></span> <span class='ocrx_word' id='word_1_242' title='bbox 828 3698 1074 3797; x_wconf 76' lang='lat' dir='ltr'><strong>spongiosam</strong></span> <span class='ocrx_word' id='word_1_243' title='bbox 1093 3710 1164 3773; x_wconf 87' lang='lat' dir='ltr'><strong>aut</strong></span> <span class='ocrx_word' id='word_1_244' title='bbox 1174 3700 1536 3781; x_wconf 78' lang='lat' dir='ltr'><strong>membranaceum,</strong></span> <span class='ocrx_word' id='word_1_245' title='bbox 1559 3719 1650 3790; x_wconf 87' lang='lat' dir='ltr'><strong>quae</strong></span> <span class='ocrx_word' id='word_1_246' title='bbox 1667 3697 1800 3790; x_wconf 87' lang='lat' dir='ltr'><strong>digitis</strong></span> <span class='ocrx_word' id='word_1_247' title='bbox 1818 3696 1935 3773; x_wconf 83' lang='lat' dir='ltr'><strong>facile</strong></span> 
     </span>
     <span class='ocr_line' id='line_1_26' title="bbox 209 3800 1929 3924; baseline -0.002 -26"><span class='ocrx_word' id='word_1_248' title='bbox 209 3822 332 3924; x_wconf 77' lang='lat' dir='ltr'><strong>possit</strong></span> <span class='ocrx_word' id='word_1_249' title='bbox 353 3825 574 3920; x_wconf 83' lang='lat' dir='ltr'><strong>comprimi.</strong></span> <span class='ocrx_word' id='word_1_250' title='bbox 626 3822 779 3899; x_wconf 86' lang='lat' dir='ltr'><strong>Molles</strong></span> <span class='ocrx_word' id='word_1_251' title='bbox 807 3825 986 3909; x_wconf 81' lang='lat' dir='ltr'><strong>fructus,</strong></span> <span class='ocrx_word' id='word_1_252' title='bbox 1029 3845 1111 3897; x_wconf 87' lang='lat' dir='ltr'><strong>non</strong></span> <span class='ocrx_word' id='word_1_253' title='bbox 1138 3827 1201 3898; x_wconf 84' lang='lat' dir='ltr'><strong>alii</strong></span> <span class='ocrx_word' id='word_1_254' title='bbox 1228 3825 1456 3905; x_wconf 81' lang='lat' dir='ltr'><strong>habentur,</strong></span> <span class='ocrx_word' id='word_1_255' title='bbox 1488 3831 1758 3919; x_wconf 88' lang='lat' dir='ltr'><strong>praeterquam</strong></span> <span class='ocrx_word' id='word_1_256' title='bbox 1786 3800 1929 3895; x_wconf 75' lang='lat' dir='ltr'><strong>B&#39;accae</strong></span> 
     </span>
     <span class='ocr_line' id='line_1_27' title="bbox 209 3940 1928 4052; baseline -0.005 -25"><span class='ocrx_word' id='word_1_257' title='bbox 209 3940 343 4034; x_wconf 70' lang='lat' dir='ltr'><strong>verae,</strong></span> <span class='ocrx_word' id='word_1_258' title='bbox 371 3953 518 4048; x_wconf 85' lang='lat' dir='ltr'><strong>quippe</strong></span> <span class='ocrx_word' id='word_1_259' title='bbox 537 3960 809 4044; x_wconf 78' lang='lat' dir='ltr'><strong>quactotaeex</strong></span> <span class='ocrx_word' id='word_1_260' title='bbox 823 3953 945 4052; x_wconf 85' lang='lat' dir='ltr'><strong>pulpa</strong></span> <span class='ocrx_word' id='word_1_261' title='bbox 965 3960 1036 4027; x_wconf 85' lang='lat' dir='ltr'><strong>aut</strong></span> <span class='ocrx_word' id='word_1_262' title='bbox 1057 3974 1177 4025; x_wconf 86' lang='lat' dir='ltr'><strong>carne</strong></span> <span class='ocrx_word' id='word_1_263' title='bbox 1191 3953 1301 4024; x_wconf 88' lang='lat' dir='ltr'><strong>molli</strong></span> <span class='ocrx_word' id='word_1_264' title='bbox 1326 3972 1371 4022; x_wconf 88' lang='lat' dir='ltr'><strong>ac</strong></span> <span class='ocrx_word' id='word_1_265' title='bbox 1387 3949 1613 4022; x_wconf 78' lang='lat' dir='ltr'><strong>succulenta</strong></span> <span class='ocrx_word' id='word_1_266' title='bbox 1629 3948 1813 4021; x_wconf 86' lang='lat' dir='ltr'><strong>formatae</strong></span> <span class='ocrx_word' id='word_1_267' title='bbox 1830 3947 1928 4022; x_wconf 75' lang='lat' dir='ltr'><strong>sinit.</strong></span> 
     </span>
     <span class='ocr_line' id='line_1_28' title="bbox 210 4072 1929 4176; baseline -0.002 -25"><span class='ocrx_word' id='word_1_268' title='bbox 210 4075 366 4151; x_wconf 84' lang='lat' dir='ltr'><strong>Mixtae</strong></span> <span class='ocrx_word' id='word_1_269' title='bbox 389 4087 522 4151; x_wconf 86' lang='lat' dir='ltr'><strong>autem</strong></span> <span class='ocrx_word' id='word_1_270' title='bbox 542 4076 823 4163; x_wconf 80' lang='lat' dir='ltr'><strong>confiltentiae,</strong></span> <span class='ocrx_word' id='word_1_271' title='bbox 847 4077 1088 4176; x_wconf 84' lang='lat' dir='ltr'><strong>potillimum</strong></span> <span class='ocrx_word' id='word_1_272' title='bbox 1114 4077 1206 4150; x_wconf 78' lang='lat' dir='ltr'><strong>sum</strong></span> <span class='ocrx_word' id='word_1_273' title='bbox 1230 4075 1360 4150; x_wconf 83' lang='lat' dir='ltr'><strong>Poma</strong></span> <span class='ocrx_word' id='word_1_274' title='bbox 1374 4084 1494 4168; x_wconf 86' lang='lat' dir='ltr'><strong>atque</strong></span> <span class='ocrx_word' id='word_1_275' title='bbox 1519 4072 1699 4171; x_wconf 75' lang='lat' dir='ltr'><strong>Erupere,</strong></span> <span class='ocrx_word' id='word_1_276' title='bbox 1727 4083 1773 4146; x_wconf 85' lang='lat' dir='ltr'><strong>ut</strong></span> <span class='ocrx_word' id='word_1_277' title='bbox 1793 4083 1929 4147; x_wconf 86' lang='lat' dir='ltr'><strong>tamen</strong></span> 
     </span>
     <span class='ocr_line' id='line_1_29' title="bbox 209 4190 1982 4298; baseline -0.003 -19"><span class='ocrx_word' id='word_1_278' title='bbox 209 4225 359 4279; x_wconf 78' lang='lat' dir='ltr'><strong>ornnes</strong></span> <span class='ocrx_word' id='word_1_279' title='bbox 380 4225 542 4298; x_wconf 85' lang='lat' dir='ltr'><strong>quoque</strong></span> <span class='ocrx_word' id='word_1_280' title='bbox 565 4204 627 4279; x_wconf 88' lang='lat' dir='ltr'><strong>alii</strong></span> <span class='ocrx_word' id='word_1_281' title='bbox 644 4204 802 4280; x_wconf 82' lang='lat' dir='ltr'><strong>sructus</strong></span> <span class='ocrx_word' id='word_1_282' title='bbox 821 4205 870 4280; x_wconf 91' lang='lat' dir='ltr'><strong>ad</strong></span> <span class='ocrx_word' id='word_1_283' title='bbox 893 4206 996 4280; x_wconf 84' lang='lat' dir='ltr'><strong>hanc</strong></span> <span class='ocrx_word' id='word_1_284' title='bbox 1012 4202 1165 4279; x_wconf 79' lang='lat' dir='ltr'><strong>classem</strong></span> <span class='ocrx_word' id='word_1_285' title='bbox 1186 4202 1334 4277; x_wconf 85' lang='lat' dir='ltr'><strong>referri</strong></span> <span class='ocrx_word' id='word_1_286' title='bbox 1354 4210 1521 4295; x_wconf 80' lang='lat' dir='ltr'><strong>queant,</strong></span> <span class='ocrx_word' id='word_1_287' title='bbox 1547 4202 1617 4296; x_wconf 87' lang='lat' dir='ltr'><strong>qui</strong></span> <span class='ocrx_word' id='word_1_288' title='bbox 1639 4199 1851 4276; x_wconf 79' lang='lat' dir='ltr'><strong>manifeste</strong></span> <span class='ocrx_word' id='word_1_289' title='bbox 1871 4222 1927 4274; x_wconf 82' lang='lat' dir='ltr'><strong>ex</strong></span> <span class='ocrx_word' id='word_1_290' title='bbox 1980 4190 1982 4194; x_wconf 47' lang='lat'><em>&#39;</em></span> 
     </span>
     <span class='ocr_line' id='line_1_30' title="bbox 209 4327 1928 4426; baseline -0.003 -20"><span class='ocrx_word' id='word_1_291' title='bbox 209 4332 366 4406; x_wconf 70' lang='lat' dir='ltr'><strong>umbus</strong></span> <span class='ocrx_word' id='word_1_292' title='bbox 394 4332 560 4407; x_wconf 85' lang='lat' dir='ltr'><strong>diversis</strong></span> <span class='ocrx_word' id='word_1_293' title='bbox 584 4332 805 4410; x_wconf 81' lang='lat' dir='ltr'><strong>substantiis</strong></span> <span class='ocrx_word' id='word_1_294' title='bbox 828 4336 882 4409; x_wconf 90' lang='lat' dir='ltr'><strong>ita</strong></span> <span class='ocrx_word' id='word_1_295' title='bbox 908 4331 1122 4406; x_wconf 84' lang='lat' dir='ltr'><strong>constructi</strong></span> <span class='ocrx_word' id='word_1_296' title='bbox 1150 4329 1258 4414; x_wconf 87' lang='lat' dir='ltr'><strong>sunt,</strong></span> <span class='ocrx_word' id='word_1_297' title='bbox 1283 4338 1330 4402; x_wconf 89' lang='lat' dir='ltr'><strong>ut</strong></span> <span class='ocrx_word' id='word_1_298' title='bbox 1355 4327 1503 4411; x_wconf 86' lang='lat' dir='ltr'><strong>altera,</strong></span> <span class='ocrx_word' id='word_1_299' title='bbox 1528 4327 1643 4403; x_wconf 88' lang='lat' dir='ltr'><strong>alteri</strong></span> <span class='ocrx_word' id='word_1_300' title='bbox 1672 4349 1756 4426; x_wconf 55' lang='lat' dir='ltr'><strong>pro*</strong></span> <span class='ocrx_word' id='word_1_301' title='bbox 1771 4329 1928 4420; x_wconf 76' lang='lat' dir='ltr'><strong>integu-</strong></span> 
     </span>
     <span class='ocr_line' id='line_1_31' title="bbox 211 4437 1675 4558; baseline -0.003 -25"><span class='ocrx_word' id='word_1_302' title='bbox 211 4466 356 4533; x_wconf 80' lang='lat' dir='ltr'><strong>mento</strong></span> <span class='ocrx_word' id='word_1_303' title='bbox 376 4458 567 4535; x_wconf 82' lang='lat' dir='ltr'><strong>inserviat</strong></span> <span class='ocrx_word' id='word_1_304' title='bbox 591 4471 714 4555; x_wconf 83' lang='lat' dir='ltr'><strong>atque</strong></span> <span class='ocrx_word' id='word_1_305' title='bbox 733 4463 918 4537; x_wconf 84' lang='lat' dir='ltr'><strong>exterior</strong></span> <span class='ocrx_word' id='word_1_306' title='bbox 939 4482 1016 4558; x_wconf 85' lang='lat' dir='ltr'><strong>pro</strong></span> <span class='ocrx_word' id='word_1_307' title='bbox 1037 4460 1184 4533; x_wconf 88' lang='lat' dir='ltr'><strong>cortice</strong></span> <span class='ocrx_word' id='word_1_308' title='bbox 1202 4437 1371 4532; x_wconf 66' lang='lat' dir='ltr'><strong>fructur</strong></span> <span class='ocrx_word' id='word_1_309' title='bbox 1385 4456 1521 4531; x_wconf 80' lang='lat' dir='ltr'><strong>haberi</strong></span> <span class='ocrx_word' id='word_1_310' title='bbox 1540 4451 1675 4555; x_wconf 76' lang='lat' dir='ltr'><strong>poffin</strong></span> 
     </span>
    </p>
   </div>
   <div class='ocr_carea' id='block_1_6' title="bbox 209 4664 2039 4921">
    <p class='ocr_par' dir='ltr' id='par_1_6' title="bbox 209 4664 2039 4921">
     <span class='ocr_line' id='line_1_32' title="bbox 310 4664 1927 4795; baseline -0.003 -26"><span class='ocrx_word' id='word_1_311' title='bbox 310 4664 473 4769; x_wconf 79' lang='lat' dir='ltr'><strong>Cortex</strong></span> <span class='ocrx_word' id='word_1_312' title='bbox 497 4718 647 4795; x_wconf 89' lang='lat' dir='ltr'><strong>nempe</strong></span> <span class='ocrx_word' id='word_1_313' title='bbox 663 4720 807 4785; x_wconf 76' lang='lat' dir='ltr'><strong>verus,</strong></span> <span class='ocrx_word' id='word_1_314' title='bbox 832 4722 916 4772; x_wconf 90' lang='lat' dir='ltr'><strong>non</strong></span> <span class='ocrx_word' id='word_1_315' title='bbox 935 4676 1125 4771; x_wconf 74' lang='lat' dir='ltr'><strong>omnibrm</strong></span> <span class='ocrx_word' id='word_1_316' title='bbox 1152 4694 1356 4770; x_wconf 80' lang='lat' dir='ltr'><strong>fructibus·</strong></span> <span class='ocrx_word' id='word_1_317' title='bbox 1376 4694 1588 4790; x_wconf 74' lang='lat' dir='ltr'><strong>comperin</strong></span> <span class='ocrx_word' id='word_1_318' title='bbox 1611 4691 1679 4766; x_wconf 82' lang='lat' dir='ltr'><strong>sed</strong></span> <span class='ocrx_word' id='word_1_319' title='bbox 1701 4692 1739 4763; x_wconf 89' lang='lat' dir='ltr'><strong>in</strong></span> <span class='ocrx_word' id='word_1_320' title='bbox 1766 4690 1927 4776; x_wconf 71' lang='lat' dir='ltr'><strong>multiS,</strong></span> 
     </span>
     <span class='ocr_line' id='line_1_33' title="bbox 209 4816 2039 4921; baseline -0.003 -28"><span class='ocrx_word' id='word_1_321' title='bbox 209 4819 389 4917; x_wconf 83' lang='lat' dir='ltr'><strong>simplex</strong></span> <span class='ocrx_word' id='word_1_322' title='bbox 405 4831 561 4897; x_wconf 85' lang='lat' dir='ltr'><strong>tantmn</strong></span> <span class='ocrx_word' id='word_1_323' title='bbox 576 4823 779 4909; x_wconf 82' lang='lat' dir='ltr'><strong>Cuticula,</strong></span> <span class='ocrx_word' id='word_1_324' title='bbox 803 4821 893 4921; x_wconf 82' lang='lat' dir='ltr'><strong>ejus</strong></span> <span class='ocrx_word' id='word_1_325' title='bbox 908 4834 1021 4899; x_wconf 89' lang='lat' dir='ltr'><strong>tenet</strong></span> <span class='ocrx_word' id='word_1_326' title='bbox 1041 4823 1192 4905; x_wconf 90' lang='lat' dir='ltr'><strong>locum;</strong></span> <span class='ocrx_word' id='word_1_327' title='bbox 1222 4821 1261 4897; x_wconf 72' lang='grc' dir='ltr'><strong>δι</strong></span> <span class='ocrx_word' id='word_1_328' title='bbox 1287 4824 1326 4895; x_wconf 93' lang='lat' dir='ltr'><strong>in</strong></span> <span class='ocrx_word' id='word_1_329' title='bbox 1348 4817 1553 4919; x_wconf 85' lang='lat' dir='ltr'><strong>plurimis,</strong></span> <span class='ocrx_word' id='word_1_330' title='bbox 1577 4841 1630 4892; x_wconf 90' lang='lat' dir='ltr'><strong>ne</strong></span> <span class='ocrx_word' id='word_1_331' title='bbox 1655 4816 1743 4890; x_wconf 86' lang='lat' dir='ltr'><strong>haec</strong></span> <span class='ocrx_word' id='word_1_332' title='bbox 1768 4817 1926 4909; x_wconf 86' lang='lat' dir='ltr'><strong>quidem</strong></span> <span class='ocrx_word' id='word_1_333' title='bbox 2036 4871 2039 4875; x_wconf 24' lang='grc' dir='ltr'><em>ψ</em></span> 
     </span>
    </p>
   </div>
   <div class='ocr_carea' id='block_1_7' title="bbox 207 4942 1928 5140">
    <p class='ocr_par' dir='ltr' id='par_1_7' title="bbox 207 4942 1928 5140">
     <span class='ocr_line' id='line_1_34' title="bbox 207 4942 1925 5050; baseline -0.005 -27"><span class='ocrx_word' id='word_1_334' title='bbox 207 4946 338 5045; x_wconf 84' lang='lat' dir='ltr'><strong>adest,</strong></span> <span class='ocrx_word' id='word_1_335' title='bbox 364 4947 433 5024; x_wconf 89' lang='lat' dir='ltr'><strong>sed</strong></span> <span class='ocrx_word' id='word_1_336' title='bbox 452 4950 546 5024; x_wconf 86' lang='lat' dir='ltr'><strong>muli</strong></span> <span class='ocrx_word' id='word_1_337' title='bbox 565 4953 942 5050; x_wconf 78' lang='lat' dir='ltr'><strong>parietes-externi,</strong></span> <span class='ocrx_word' id='word_1_338' title='bbox 969 4954 1136 5026; x_wconf 79' lang='lat' dir='ltr'><strong>corticis</strong></span> <span class='ocrx_word' id='word_1_339' title='bbox 1150 4951 1278 5026; x_wconf 81' lang='lat' dir='ltr'><strong>vicem</strong></span> <span class='ocrx_word' id='word_1_340' title='bbox 1295 4957 1454 5045; x_wconf 84' lang='lat' dir='ltr'><strong>gerunt.</strong></span> <span class='ocrx_word' id='word_1_341' title='bbox 1505 4942 1715 5031; x_wconf 87' lang='lat' dir='ltr'><strong>Cuticula,</strong></span> <span class='ocrx_word' id='word_1_342' title='bbox 1730 4966 1825 5017; x_wconf 89' lang='lat' dir='ltr'><strong>raro</strong></span> <span class='ocrx_word' id='word_1_343' title='bbox 1854 4965 1925 5019; x_wconf 88' lang='lat' dir='ltr'><strong>ve·</strong></span> 
     </span>
     <span class='ocr_line' id='line_1_35' title="bbox 1865 5067 1928 5140; baseline -0.032 0"><span class='ocrx_word' id='word_1_344' title='bbox 1865 5067 1928 5140; x_wconf 89' lang='lat' dir='ltr'><strong>nit</strong></span> 
     </span>
    </p>
   </div>
   <div class='ocr_carea' id='block_1_8' title="bbox 0 0 2430 6057">
    <p class='ocr_par' dir='ltr' id='par_1_8' title="bbox 0 0 2430 6057">
     <span class='ocr_line' id='line_1_36' title="bbox 0 0 2430 6057; baseline 0 0"><span class='ocrx_word' id='word_1_345' title='bbox 0 0 2430 6057; x_wconf 95' lang='lat' dir='ltr'><strong> </strong></span> 
     </span>
    </p>
   </div>
  </div>
 </body>
</html>
