<?xml version="1.0" encoding="UTF-8"?>
<!DOCTYPE html PUBLIC "-//W3C//DTD XHTML 1.0 Transitional//EN"
    "http://www.w3.org/TR/xhtml1/DTD/xhtml1-transitional.dtd">
<html xmlns="http://www.w3.org/1999/xhtml" xml:lang="en" lang="en">
 <head>
  <title>
</title>
<meta http-equiv="Content-Type" content="text/html;charset=utf-8" />
  <meta name='ocr-system' content='tesseract 3.04.00' />
  <meta name='ocr-capabilities' content='ocr_page ocr_carea ocr_par ocr_line ocrx_word'/>
</head>
<body>
  <div class='ocr_page' id='page_1' title='image "./defructibusetse00gaergoog_0036.png"; bbox 0 0 4852 6062; ppageno 0'>
   <div class='ocr_carea' id='block_1_1' title="bbox 902 542 1903 645">
    <p class='ocr_par' dir='ltr' id='par_1_1' title="bbox 902 542 1903 645">
     <span class='ocr_line' id='line_1_1' title="bbox 902 542 1903 645; baseline -0.008 -1"><span class='ocrx_word' id='word_1_1' title='bbox 902 542 1205 618; x_wconf 54' lang='grc' dir='ltr'>ΕΞ</span> <span class='ocrx_word' id='word_1_2' title='bbox 1387 562 1389 569; x_wconf 72' lang='grc'><strong>’</strong></span> <span class='ocrx_word' id='word_1_3' title='bbox 1710 640 1712 645; x_wconf 80' lang='grc'>,</span> <span class='ocrx_word' id='word_1_4' title='bbox 1805 578 1903 644; x_wconf 81' lang='lat' dir='ltr'>xvu</span> 
     </span>
    </p>
   </div>
   <div class='ocr_carea' id='block_1_2' title="bbox 196 752 2045 2253">
    <p class='ocr_par' dir='ltr' id='par_1_2' title="bbox 203 752 1908 870">
     <span class='ocr_line' id='line_1_2' title="bbox 203 752 1908 870; baseline 0.009 -36"><span class='ocrx_word' id='word_1_5' title='bbox 203 768 320 862; x_wconf 79' lang='lat' dir='ltr'>parte</span> <span class='ocrx_word' id='word_1_6' title='bbox 339 761 512 862; x_wconf 90' lang='lat' dir='ltr'>scopulis</span> <span class='ocrx_word' id='word_1_7' title='bbox 522 760 823 860; x_wconf 60' lang='lat' dir='ltr'>agglutinatur,</span> <span class='ocrx_word' id='word_1_8' title='bbox 838 789 892 842; x_wconf 90' lang='lat' dir='ltr'>ex</span> <span class='ocrx_word' id='word_1_9' title='bbox 910 769 1035 843; x_wconf 82' lang='lat' dir='ltr'>altera</span> <span class='ocrx_word' id='word_1_10' title='bbox 1051 792 1205 844; x_wconf 90' lang='lat' dir='ltr'>novum</span> <span class='ocrx_word' id='word_1_11' title='bbox 1222 766 1348 845; x_wconf 85' lang='lat' dir='ltr'>trudit</span> <span class='ocrx_word' id='word_1_12' title='bbox 1363 752 1593 857; x_wconf 82' lang='lat' dir='ltr'>articulum,</span> <span class='ocrx_word' id='word_1_13' title='bbox 1617 778 1737 868; x_wconf 84' lang='lat' dir='ltr'>atque</span> <span class='ocrx_word' id='word_1_14' title='bbox 1752 771 1908 870; x_wconf 72' lang='lat' dir='ltr'>sidsen-</span> 
     </span>
    </p>

    <p class='ocr_par' dir='ltr' id='par_1_3' title="bbox 199 888 2045 1876">
     <span class='ocr_line' id='line_1_3' title="bbox 204 888 1904 995; baseline 0.009 -34"><span class='ocrx_word' id='word_1_15' title='bbox 204 888 274 961; x_wconf 89' lang='lat' dir='ltr'>sim</span> <span class='ocrx_word' id='word_1_16' title='bbox 293 890 334 961; x_wconf 91' lang='lat' dir='ltr'>in</span> <span class='ocrx_word' id='word_1_17' title='bbox 357 889 533 987; x_wconf 84' lang='lat' dir='ltr'>plantam</span> <span class='ocrx_word' id='word_1_18' title='bbox 551 892 798 967; x_wconf 85' lang='lat' dir='ltr'><strong>convalescit</strong></span> <span class='ocrx_word' id='word_1_19' title='bbox 818 899 936 967; x_wconf 87' lang='lat' dir='ltr'>matri</span> <span class='ocrx_word' id='word_1_20' title='bbox 960 897 1039 969; x_wconf 85' lang='lat' dir='ltr'>suae</span> <span class='ocrx_word' id='word_1_21' title='bbox 1060 897 1239 995; x_wconf 47' lang='lat' dir='ltr'>prorsus*</span> <span class='ocrx_word' id='word_1_22' title='bbox 1251 895 1427 971; x_wconf 88' lang='lat' dir='ltr'>similem.</span> <span class='ocrx_word' id='word_1_23' title='bbox 1496 896 1645 992; x_wconf 86' lang='lat' dir='ltr'>Ingens</span> <span class='ocrx_word' id='word_1_24' title='bbox 1674 897 1730 975; x_wconf 87' lang='lat' dir='ltr'>est</span> <span class='ocrx_word' id='word_1_25' title='bbox 1755 901 1904 977; x_wconf 91' lang='lat' dir='ltr'>horum</span> 
     </span>
     <span class='ocr_line' id='line_1_4' title="bbox 201 1001 1903 1111; baseline 0.011 -24"><span class='ocrx_word' id='word_1_26' title='bbox 201 1014 456 1111; x_wconf 78' lang='lat' dir='ltr'>globulorum</span> <span class='ocrx_word' id='word_1_27' title='bbox 487 1038 578 1088; x_wconf 90' lang='lat' dir='ltr'>cum</span> <span class='ocrx_word' id='word_1_28' title='bbox 610 1040 713 1092; x_wconf 89' lang='lat' dir='ltr'>vero</span> <span class='ocrx_word' id='word_1_29' title='bbox 744 1018 915 1111; x_wconf 88' lang='lat' dir='ltr'>quodam</span> <span class='ocrx_word' id='word_1_30' title='bbox 946 1001 1076 1094; x_wconf 74' lang='lat' dir='ltr'>srudtu</span> <span class='ocrx_word' id='word_1_31' title='bbox 1106 1022 1170 1098; x_wconf 90' lang='lat' dir='ltr'>vel</span> <span class='ocrx_word' id='word_1_32' title='bbox 1202 1023 1347 1097; x_wconf 86' lang='lat' dir='ltr'>semine</span> <span class='ocrx_word' id='word_1_33' title='bbox 1373 1021 1606 1099; x_wconf 72' lang='lat' dir='ltr'>similitudo:</span> <span class='ocrx_word' id='word_1_34' title='bbox 1649 1048 1741 1101; x_wconf 89' lang='lat' dir='ltr'>nam</span> <span class='ocrx_word' id='word_1_35' title='bbox 1775 1030 1903 1105; x_wconf 86' lang='lat' dir='ltr'>multo</span> 
     </span>
     <span class='ocr_line' id='line_1_5' title="bbox 200 1141 1982 1245; baseline 0.009 -30"><span class='ocrx_word' id='word_1_36' title='bbox 200 1141 387 1216; x_wconf 82' lang='lat' dir='ltr'>duriores</span> <span class='ocrx_word' id='word_1_37' title='bbox 407 1143 514 1227; x_wconf 89' lang='lat' dir='ltr'>sunt,</span> <span class='ocrx_word' id='word_1_38' title='bbox 552 1162 670 1238; x_wconf 88' lang='lat' dir='ltr'>quam</span> <span class='ocrx_word' id='word_1_39' title='bbox 692 1142 773 1218; x_wconf 89' lang='lat' dir='ltr'>ulla</span> <span class='ocrx_word' id='word_1_40' title='bbox 791 1144 862 1219; x_wconf 86' lang='lat' dir='ltr'>alia</span> <span class='ocrx_word' id='word_1_41' title='bbox 884 1145 1017 1244; x_wconf 91' lang='lat' dir='ltr'>stirpis</span> <span class='ocrx_word' id='word_1_42' title='bbox 1041 1153 1158 1245; x_wconf 78' lang='lat' dir='ltr'>pars,</span> <span class='ocrx_word' id='word_1_43' title='bbox 1193 1147 1233 1222; x_wconf 82' lang='lat' dir='ltr'>dr</span> <span class='ocrx_word' id='word_1_44' title='bbox 1265 1160 1416 1245; x_wconf 88' lang='lat' dir='ltr'>praeter</span> <span class='ocrx_word' id='word_1_45' title='bbox 1445 1150 1614 1224; x_wconf 89' lang='lat' dir='ltr'>sormam</span> <span class='ocrx_word' id='word_1_46' title='bbox 1637 1151 1743 1225; x_wconf 86' lang='lat' dir='ltr'>suam</span> <span class='ocrx_word' id='word_1_47' title='bbox 1767 1151 1907 1231; x_wconf 72' lang='lat' dir='ltr'>exam</span> <span class='ocrx_word' id='word_1_48' title='bbox 1979 1168 1982 1175; x_wconf 82' lang='grc'><em>“</em></span> 
     </span>
     <span class='ocr_line' id='line_1_6' title="bbox 200 1270 2029 1370; baseline 0.007 -26"><span class='ocrx_word' id='word_1_49' title='bbox 200 1270 453 1368; x_wconf 85' lang='lat' dir='ltr'>sphaericam,</span> <span class='ocrx_word' id='word_1_50' title='bbox 495 1272 621 1345; x_wconf 89' lang='lat' dir='ltr'>variis</span> <span class='ocrx_word' id='word_1_51' title='bbox 650 1291 813 1364; x_wconf 87' lang='lat' dir='ltr'>quoque</span> <span class='ocrx_word' id='word_1_52' title='bbox 844 1270 1066 1358; x_wconf 89' lang='lat' dir='ltr'>coloribus,</span> <span class='ocrx_word' id='word_1_53' title='bbox 1106 1272 1352 1367; x_wconf 84' lang='lat' dir='ltr'>rufescente,</span> <span class='ocrx_word' id='word_1_54' title='bbox 1396 1273 1647 1370; x_wconf 84' lang='lat' dir='ltr'>ferrugineo,</span> <span class='ocrx_word' id='word_1_55' title='bbox 1686 1274 1803 1351; x_wconf 85' lang='lat' dir='ltr'>fusco</span> <span class='ocrx_word' id='word_1_56' title='bbox 1837 1291 1907 1357; x_wconf 87' lang='lat' dir='ltr'>aut</span> <span class='ocrx_word' id='word_1_57' title='bbox 2025 1276 2029 1281; x_wconf 75' lang='grc'><strong>’</strong></span> 
     </span>
     <span class='ocr_line' id='line_1_7' title="bbox 199 1393 2045 1505; baseline 0.006 -35"><span class='ocrx_word' id='word_1_58' title='bbox 199 1399 337 1491; x_wconf 87' lang='lat' dir='ltr'>nigro,</span> <span class='ocrx_word' id='word_1_59' title='bbox 363 1396 506 1495; x_wconf 89' lang='lat' dir='ltr'>saepius</span> <span class='ocrx_word' id='word_1_60' title='bbox 522 1393 632 1470; x_wconf 73' lang='lat' dir='ltr'>tindti</span> <span class='ocrx_word' id='word_1_61' title='bbox 652 1396 761 1480; x_wconf 88' lang='lat' dir='ltr'>sunt,</span> <span class='ocrx_word' id='word_1_62' title='bbox 783 1407 831 1470; x_wconf 95' lang='lat' dir='ltr'>ut</span> <span class='ocrx_word' id='word_1_63' title='bbox 849 1402 996 1472; x_wconf 90' lang='lat' dir='ltr'>nemini</span> <span class='ocrx_word' id='word_1_64' title='bbox 1014 1420 1095 1472; x_wconf 89' lang='lat' dir='ltr'>non</span> <span class='ocrx_word' id='word_1_65' title='bbox 1115 1421 1191 1497; x_wconf 88' lang='lat' dir='ltr'>pro</span> <span class='ocrx_word' id='word_1_66' title='bbox 1209 1422 1315 1474; x_wconf 90' lang='lat' dir='ltr'>vero</span> <span class='ocrx_word' id='word_1_67' title='bbox 1327 1396 1459 1476; x_wconf 78' lang='lat' dir='ltr'>srur‘tu</span> <span class='ocrx_word' id='word_1_68' title='bbox 1480 1403 1592 1478; x_wconf 83' lang='lat' dir='ltr'>facile</span> <span class='ocrx_word' id='word_1_69' title='bbox 1609 1414 1760 1498; x_wconf 84' lang='lat' dir='ltr'>queant</span> <span class='ocrx_word' id='word_1_70' title='bbox 1777 1408 1905 1505; x_wconf 86' lang='lat' dir='ltr'>impo-</span> <span class='ocrx_word' id='word_1_71' title='bbox 2040 1472 2045 1480; x_wconf 92' lang='lat'><em>.</em></span> 
     </span>
     <span class='ocr_line' id='line_1_8' title="bbox 201 1506 1906 1631; baseline 0.008 -35"><span class='ocrx_word' id='word_1_72' title='bbox 201 1544 314 1598; x_wconf 87' lang='lat' dir='ltr'>nere.</span> <span class='ocrx_word' id='word_1_73' title='bbox 388 1523 469 1597; x_wconf 89' lang='lat' dir='ltr'>His</span> <span class='ocrx_word' id='word_1_74' title='bbox 500 1533 632 1599; x_wconf 83' lang='lat' dir='ltr'>tamen</span> <span class='ocrx_word' id='word_1_75' title='bbox 667 1544 750 1596; x_wconf 90' lang='lat' dir='ltr'>non</span> <span class='ocrx_word' id='word_1_76' title='bbox 779 1523 1041 1609; x_wconf 85' lang='lat' dir='ltr'>obstantibus,</span> <span class='ocrx_word' id='word_1_77' title='bbox 1076 1526 1241 1616; x_wconf 84' lang='lat' dir='ltr'>quilibet</span> <span class='ocrx_word' id='word_1_78' title='bbox 1270 1527 1443 1601; x_wconf 80' lang='lat' dir='ltr'>libenter</span> <span class='ocrx_word' id='word_1_79' title='bbox 1473 1530 1534 1604; x_wconf 89' lang='lat' dir='ltr'>eis</span> <span class='ocrx_word' id='word_1_80' title='bbox 1568 1532 1674 1604; x_wconf 89' lang='lat' dir='ltr'>inter</span> <span class='ocrx_word' id='word_1_81' title='bbox 1705 1506 1906 1631; x_wconf 64' lang='lat' dir='ltr'>ssmplicea</span> 
     </span>
     <span class='ocr_line' id='line_1_9' title="bbox 200 1640 1904 1750; baseline 0.006 -27"><span class='ocrx_word' id='word_1_82' title='bbox 200 1669 381 1745; x_wconf 85' lang='lat' dir='ltr'>gemmas</span> <span class='ocrx_word' id='word_1_83' title='bbox 404 1650 537 1724; x_wconf 92' lang='lat' dir='ltr'>locum</span> <span class='ocrx_word' id='word_1_84' title='bbox 552 1648 759 1734; x_wconf 84' lang='lat' dir='ltr'>concedet,</span> <span class='ocrx_word' id='word_1_85' title='bbox 784 1651 853 1744; x_wconf 92' lang='lat' dir='ltr'>qui</span> <span class='ocrx_word' id='word_1_86' title='bbox 872 1651 939 1725; x_wconf 89' lang='lat' dir='ltr'>vel</span> <span class='ocrx_word' id='word_1_87' title='bbox 961 1653 1157 1725; x_wconf 88' lang='lat' dir='ltr'>internam</span> <span class='ocrx_word' id='word_1_88' title='bbox 1179 1640 1431 1750; x_wconf 70' lang='lat' dir='ltr'>globulorum</span> <span class='ocrx_word' id='word_1_89' title='bbox 1451 1656 1626 1730; x_wconf 80' lang='lat' dir='ltr'>rimatus</span> <span class='ocrx_word' id='word_1_90' title='bbox 1646 1655 1768 1730; x_wconf 90' lang='lat' dir='ltr'>fuerit</span> <span class='ocrx_word' id='word_1_91' title='bbox 1785 1657 1904 1734; x_wconf 89' lang='lat' dir='ltr'>fabri-</span> 
     </span>
     <span class='ocr_line' id='line_1_10' title="bbox 199 1760 1903 1876; baseline 0.005 -26"><span class='ocrx_word' id='word_1_92' title='bbox 199 1778 306 1860; x_wconf 79' lang='lat' dir='ltr'>c&#39;am,</span> <span class='ocrx_word' id='word_1_93' title='bbox 323 1760 484 1874; x_wconf 79' lang='lat' dir='ltr'>&#39;utpote</span> <span class='ocrx_word' id='word_1_94' title='bbox 501 1800 556 1850; x_wconf 87' lang='lat' dir='ltr'>ex</span> <span class='ocrx_word' id='word_1_95' title='bbox 581 1799 691 1850; x_wconf 87' lang='lat' dir='ltr'>mera</span> <span class='ocrx_word' id='word_1_96' title='bbox 708 1776 879 1851; x_wconf 86' lang='lat' dir='ltr'>medulla</span> <span class='ocrx_word' id='word_1_97' title='bbox 903 1787 1021 1871; x_wconf 85' lang='lat' dir='ltr'>atque</span> <span class='ocrx_word' id='word_1_98' title='bbox 1046 1779 1194 1851; x_wconf 84' lang='lat' dir='ltr'>cortice</span> <span class='ocrx_word' id='word_1_99' title='bbox 1216 1782 1551 1875; x_wconf 67' lang='lat' dir='ltr'>compaginatam</span> <span class='ocrx_word' id='word_1_100' title='bbox 1585 1782 1653 1856; x_wconf 92' lang='lat' dir='ltr'>vel</span> <span class='ocrx_word' id='word_1_101' title='bbox 1669 1785 1738 1876; x_wconf 90' lang='lat' dir='ltr'>qui</span> <span class='ocrx_word' id='word_1_102' title='bbox 1754 1804 1903 1859; x_wconf 87' lang='lat' dir='ltr'>eorun-</span> 
     </span>
    </p>

    <p class='ocr_par' dir='ltr' id='par_1_4' title="bbox 196 1900 1905 2253">
     <span class='ocr_line' id='line_1_11' title="bbox 198 1900 1903 2005; baseline 0.006 -27"><span class='ocrx_word' id='word_1_103' title='bbox 198 1902 291 2003; x_wconf 80' lang='lat' dir='ltr'>dem</span> <span class='ocrx_word' id='word_1_104' title='bbox 312 1904 497 2000; x_wconf 89' lang='lat' dir='ltr'>inprimis</span> <span class='ocrx_word' id='word_1_105' title='bbox 521 1900 760 2001; x_wconf 77' lang='lat' dir='ltr'>spedtaverit</span> <span class='ocrx_word' id='word_1_106' title='bbox 778 1913 937 1987; x_wconf 91' lang='lat' dir='ltr'>ortum,</span> <span class='ocrx_word' id='word_1_107' title='bbox 964 1904 1111 2000; x_wconf 87' lang='lat' dir='ltr'>quippe</span> <span class='ocrx_word' id='word_1_108' title='bbox 1126 1906 1212 1996; x_wconf 91' lang='lat' dir='ltr'>qui,</span> <span class='ocrx_word' id='word_1_109' title='bbox 1237 1926 1291 1977; x_wconf 86' lang='lat' dir='ltr'>ex</span> <span class='ocrx_word' id='word_1_110' title='bbox 1312 1905 1538 1981; x_wconf 89' lang='lat' dir='ltr'>confluente</span> <span class='ocrx_word' id='word_1_111' title='bbox 1561 1908 1705 2005; x_wconf 82' lang='lat' dir='ltr'>saepius</span> <span class='ocrx_word' id='word_1_112' title='bbox 1730 1908 1903 1988; x_wconf 89' lang='lat' dir='ltr'>duorum</span> 
     </span>
     <span class='ocr_line' id='line_1_12' title="bbox 197 2028 1905 2162; baseline 0.005 -58"><span class='ocrx_word' id='word_1_113' title='bbox 197 2028 464 2104; x_wconf 84' lang='lat' dir='ltr'>articulorum</span> <span class='ocrx_word' id='word_1_114' title='bbox 496 2031 536 2101; x_wconf 91' lang='lat' dir='ltr'>in</span> <span class='ocrx_word' id='word_1_115' title='bbox 560 2033 693 2103; x_wconf 88' lang='lat' dir='ltr'>unum&#39;</span> <span class='ocrx_word' id='word_1_116' title='bbox 711 2029 917 2123; x_wconf 79' lang='lat' dir='ltr'>globulum</span> <span class='ocrx_word' id='word_1_117' title='bbox 951 2028 1139 2114; x_wconf 87' lang='lat' dir='ltr'>medulla,</span> <span class='ocrx_word' id='word_1_118' title='bbox 1181 2034 1401 2117; x_wconf 83' lang='lat' dir='ltr'>excitatus,</span> <span class='ocrx_word' id='word_1_119' title='bbox 1425 2031 1579 2107; x_wconf 89' lang='lat' dir='ltr'>nonnisi</span> <span class='ocrx_word' id='word_1_120' title='bbox 1612 2038 1905 2162; x_wconf 54' lang='lat' dir='ltr'>vegetationis,</span> 
     </span>
     <span class='ocr_line' id='line_1_13' title="bbox 196 2152 1278 2253; baseline -0.002 -23"><span class='ocrx_word' id='word_1_121' title='bbox 196 2177 452 2251; x_wconf 89' lang='lat' dir='ltr'>nequaquam</span> <span class='ocrx_word' id='word_1_122' title='bbox 472 2175 573 2230; x_wconf 88' lang='lat' dir='ltr'>vero</span> <span class='ocrx_word' id='word_1_123' title='bbox 597 2153 904 2229; x_wconf 89' lang='lat' dir='ltr'>foecundationis</span> <span class='ocrx_word' id='word_1_124' title='bbox 924 2175 1027 2251; x_wconf 88' lang='lat' dir='ltr'>opus</span> <span class='ocrx_word' id='word_1_125' title='bbox 1044 2152 1121 2228; x_wconf 86' lang='lat' dir='ltr'>effe</span> <span class='ocrx_word' id='word_1_126' title='bbox 1139 2155 1278 2253; x_wconf 76' lang='lat' dir='ltr'>potest.</span> 
     </span>
    </p>
   </div>
   <div class='ocr_carea' id='block_1_3' title="bbox 196 2364 1917 4875">
    <p class='ocr_par' dir='ltr' id='par_1_5' title="bbox 196 2364 1917 4489">
     <span class='ocr_line' id='line_1_14' title="bbox 303 2364 1900 2472; baseline 0.001 -20"><span class='ocrx_word' id='word_1_127' title='bbox 303 2369 428 2453; x_wconf 80' lang='lat' dir='ltr'>Usuoe,</span> <span class='ocrx_word' id='word_1_128' title='bbox 464 2370 609 2464; x_wconf 77' lang='lat' dir='ltr'>quibus</span> <span class='ocrx_word' id='word_1_129' title='bbox 635 2369 675 2446; x_wconf 81' lang='lat' dir='ltr'>dt</span> <span class='ocrx_word' id='word_1_130' title='bbox 706 2364 893 2448; x_wconf 77' lang='lat' dir='ltr'>Tremelius</span> <span class='ocrx_word' id='word_1_131' title='bbox 917 2366 1068 2444; x_wconf 77' lang='lat' dir='ltr'>Lmn.</span> <span class='ocrx_word' id='word_1_132' title='bbox 1093 2369 1133 2446; x_wconf 81' lang='lat' dir='ltr'>dt</span> <span class='ocrx_word' id='word_1_133' title='bbox 1162 2390 1303 2446; x_wconf 88' lang='lat' dir='ltr'>omnes</span> <span class='ocrx_word' id='word_1_134' title='bbox 1332 2370 1469 2448; x_wconf 82' lang='lat' dir='ltr'>Fucos</span> <span class='ocrx_word' id='word_1_135' title='bbox 1495 2375 1768 2472; x_wconf 81' lang='lat' dir='ltr'>complanatus</span> <span class='ocrx_word' id='word_1_136' title='bbox 1796 2401 1900 2454; x_wconf 87' lang='lat' dir='ltr'>vero</span> 
     </span>
     <span class='ocr_line' id='line_1_15' title="bbox 197 2495 1901 2598; baseline 0.003 -23"><span class='ocrx_word' id='word_1_137' title='bbox 197 2500 349 2581; x_wconf 83' lang='lat' dir='ltr'>semine</span> <span class='ocrx_word' id='word_1_138' title='bbox 373 2495 599 2580; x_wconf 90' lang='lat' dir='ltr'>destitutos,</span> <span class='ocrx_word' id='word_1_139' title='bbox 625 2515 954 2579; x_wconf 86' lang='lat' dir='ltr'>annumeramus,</span> <span class='ocrx_word' id='word_1_140' title='bbox 981 2498 1090 2569; x_wconf 89' lang='lat' dir='ltr'>omni</span> <span class='ocrx_word' id='word_1_141' title='bbox 1112 2518 1273 2592; x_wconf 88' lang='lat' dir='ltr'>quoque</span> <span class='ocrx_word' id='word_1_142' title='bbox 1302 2496 1424 2571; x_wconf 88' lang='lat' dir='ltr'>sexus</span> <span class='ocrx_word' id='word_1_143' title='bbox 1454 2499 1593 2575; x_wconf 89' lang='lat' dir='ltr'>umbra</span> <span class='ocrx_word' id='word_1_144' title='bbox 1618 2503 1901 2598; x_wconf 86' lang='lat' dir='ltr'>privantur&amp;</span> 
     </span>
     <span class='ocr_line' id='line_1_16' title="bbox 196 2621 1901 2725; baseline 0.004 -27"><span class='ocrx_word' id='word_1_145' title='bbox 196 2648 274 2725; x_wconf 89' lang='lat' dir='ltr'>per</span> <span class='ocrx_word' id='word_1_146' title='bbox 292 2645 426 2700; x_wconf 88' lang='lat' dir='ltr'>meras</span> <span class='ocrx_word' id='word_1_147' title='bbox 446 2642 625 2718; x_wconf 84' lang='lat' dir='ltr'>gemmas</span> <span class='ocrx_word' id='word_1_148' title='bbox 639 2635 924 2723; x_wconf 87' lang='lat' dir='ltr'>propagantur.</span> <span class='ocrx_word' id='word_1_149' title='bbox 975 2623 1082 2699; x_wconf 83' lang='lat' dir='ltr'>Ulva</span> <span class='ocrx_word' id='word_1_150' title='bbox 1097 2645 1242 2719; x_wconf 85' lang='lat' dir='ltr'>nempe</span> <span class='ocrx_word' id='word_1_151' title='bbox 1254 2621 1471 2725; x_wconf 79' lang='lat' dir='ltr'>intestinasir,</span> <span class='ocrx_word' id='word_1_152' title='bbox 1496 2628 1647 2721; x_wconf 88' lang='lat' dir='ltr'>promit</span> <span class='ocrx_word' id='word_1_153' title='bbox 1655 2621 1776 2720; x_wconf 86' lang='lat' dir='ltr'>juxta</span> <span class='ocrx_word' id='word_1_154' title='bbox 1792 2629 1901 2706; x_wconf 88' lang='lat' dir='ltr'>suam</span> 
     </span>
     <span class='ocr_line' id='line_1_17' title="bbox 199 2747 1901 2853; baseline 0.001 -26"><span class='ocrx_word' id='word_1_155' title='bbox 199 2750 306 2827; x_wconf 85' lang='lat' dir='ltr'>bafin</span> <span class='ocrx_word' id='word_1_156' title='bbox 324 2751 574 2826; x_wconf 87' lang='lat' dir='ltr'>tuberculum</span> <span class='ocrx_word' id='word_1_157' title='bbox 598 2748 785 2835; x_wconf 79' lang='lat' dir='ltr'>solidum,</span> <span class='ocrx_word' id='word_1_158' title='bbox 803 2750 927 2847; x_wconf 48' lang='lat' dir='ltr'>‘quod</span> <span class='ocrx_word' id='word_1_159' title='bbox 954 2748 1117 2848; x_wconf 90' lang='lat' dir='ltr'>simplici</span> <span class='ocrx_word' id='word_1_160' title='bbox 1134 2751 1309 2847; x_wconf 87' lang='lat' dir='ltr'>partium</span> <span class='ocrx_word' id='word_1_161' title='bbox 1333 2747 1491 2822; x_wconf 87' lang='lat' dir='ltr'>suarum</span> <span class='ocrx_word' id='word_1_162' title='bbox 1519 2751 1769 2853; x_wconf 80' lang='lat' dir='ltr'>extensione,</span> <span class='ocrx_word' id='word_1_163' title='bbox 1800 2778 1901 2835; x_wconf 82' lang='lat' dir='ltr'>mox</span> 
     </span>
     <span class='ocr_line' id='line_1_18' title="bbox 199 2873 1900 2973; baseline 0.002 -22"><span class='ocrx_word' id='word_1_164' title='bbox 199 2880 242 2951; x_wconf 89' lang='lat' dir='ltr'>in</span> <span class='ocrx_word' id='word_1_165' title='bbox 261 2876 446 2952; x_wconf 86' lang='lat' dir='ltr'>foliolum</span> <span class='ocrx_word' id='word_1_166' title='bbox 467 2876 618 2955; x_wconf 87' lang='lat' dir='ltr'>lineare</span> <span class='ocrx_word' id='word_1_167' title='bbox 637 2876 799 2973; x_wconf 87' lang='lat' dir='ltr'>planum</span> <span class='ocrx_word' id='word_1_168' title='bbox 817 2876 1044 2972; x_wconf 83' lang='lat' dir='ltr'>elongatur,</span> <span class='ocrx_word' id='word_1_169' title='bbox 1070 2873 1211 2950; x_wconf 88' lang='lat' dir='ltr'>deinde</span> <span class='ocrx_word' id='word_1_170' title='bbox 1232 2882 1382 2965; x_wconf 85' lang='lat' dir='ltr'>autem,</span> <span class='ocrx_word' id='word_1_171' title='bbox 1407 2876 1564 2967; x_wconf 89' lang='lat' dir='ltr'>quando</span> <span class='ocrx_word' id='word_1_172' title='bbox 1581 2878 1802 2953; x_wconf 85' lang='lat' dir='ltr'>transversi</span> <span class='ocrx_word' id='word_1_173' title='bbox 1821 2903 1900 2956; x_wconf 90' lang='lat' dir='ltr'>un-</span> 
     </span>
     <span class='ocr_line' id='line_1_19' title="bbox 198 2996 1900 3098; baseline 0.004 -21"><span class='ocrx_word' id='word_1_174' title='bbox 198 3005 291 3098; x_wconf 85' lang='lat' dir='ltr'>guis</span> <span class='ocrx_word' id='word_1_175' title='bbox 307 3002 425 3079; x_wconf 86' lang='lat' dir='ltr'>habet</span> <span class='ocrx_word' id='word_1_176' title='bbox 442 3001 751 3097; x_wconf 83' lang='lat' dir='ltr'>longitudinem,</span> <span class='ocrx_word' id='word_1_177' title='bbox 775 3003 991 3080; x_wconf 87' lang='lat' dir='ltr'>fistulosum</span> <span class='ocrx_word' id='word_1_178' title='bbox 1017 3002 1092 3085; x_wconf 77' lang='lat' dir='ltr'>sit,</span> <span class='ocrx_word' id='word_1_179' title='bbox 1110 2999 1149 3074; x_wconf 74' lang='grc' dir='ltr'>ὅ(</span> <span class='ocrx_word' id='word_1_180' title='bbox 1175 2996 1227 3072; x_wconf 92' lang='lat' dir='ltr'>sic</span> <span class='ocrx_word' id='word_1_181' title='bbox 1248 2997 1384 3073; x_wconf 79' lang='lat' dir='ltr'>sensim</span> <span class='ocrx_word' id='word_1_182' title='bbox 1403 3002 1542 3074; x_wconf 87' lang='lat' dir='ltr'>matris</span> <span class='ocrx_word' id='word_1_183' title='bbox 1564 3001 1644 3076; x_wconf 84' lang='lat' dir='ltr'>suae</span> <span class='ocrx_word' id='word_1_184' title='bbox 1658 3007 1900 3083; x_wconf 88' lang='lat' dir='ltr'>nanciscitur</span> 
     </span>
     <span class='ocr_line' id='line_1_20' title="bbox 197 3124 1899 3224; baseline 0.001 -19"><span class='ocrx_word' id='word_1_185' title='bbox 197 3128 385 3205; x_wconf 87' lang='lat' dir='ltr'>formam.</span> <span class='ocrx_word' id='word_1_186' title='bbox 434 3126 479 3200; x_wconf 89' lang='lat' dir='ltr'>ln</span> <span class='ocrx_word' id='word_1_187' title='bbox 490 3126 653 3223; x_wconf 90' lang='lat' dir='ltr'>reliquis</span> <span class='ocrx_word' id='word_1_188' title='bbox 663 3126 793 3213; x_wconf 74' lang='lat' dir='ltr'>urvis,</span> <span class='ocrx_word' id='word_1_189' title='bbox 819 3152 911 3224; x_wconf 86' lang='lat' dir='ltr'>quae</span> <span class='ocrx_word' id='word_1_190' title='bbox 925 3129 990 3207; x_wconf 89' lang='lat' dir='ltr'>vel</span> <span class='ocrx_word' id='word_1_191' title='bbox 1003 3126 1170 3208; x_wconf 85' lang='lat' dir='ltr'>costatae,</span> <span class='ocrx_word' id='word_1_192' title='bbox 1196 3124 1264 3200; x_wconf 84' lang='lat' dir='ltr'>vel</span> <span class='ocrx_word' id='word_1_193' title='bbox 1285 3128 1440 3199; x_wconf 87' lang='lat' dir='ltr'>aveniae</span> <span class='ocrx_word' id='word_1_194' title='bbox 1455 3127 1565 3208; x_wconf 76' lang='lat' dir='ltr'>simt,</span> <span class='ocrx_word' id='word_1_195' title='bbox 1590 3147 1759 3220; x_wconf 84' lang='lat' dir='ltr'>gemmae</span> <span class='ocrx_word' id='word_1_196' title='bbox 1773 3132 1899 3209; x_wconf 89' lang='lat' dir='ltr'>liben-</span> 
     </span>
     <span class='ocr_line' id='line_1_21' title="bbox 196 3249 1898 3356; baseline 0.004 -28"><span class='ocrx_word' id='word_1_197' title='bbox 196 3263 265 3328; x_wconf 79' lang='lat' dir='ltr'>ber</span> <span class='ocrx_word' id='word_1_198' title='bbox 287 3257 329 3328; x_wconf 93' lang='lat' dir='ltr'>in</span> <span class='ocrx_word' id='word_1_199' title='bbox 358 3256 483 3351; x_wconf 87' lang='lat' dir='ltr'>priori</span> <span class='ocrx_word' id='word_1_200' title='bbox 505 3253 592 3333; x_wconf 85' lang='lat' dir='ltr'>casu</span> <span class='ocrx_word' id='word_1_201' title='bbox 616 3278 672 3329; x_wconf 89' lang='lat' dir='ltr'>ex</span> <span class='ocrx_word' id='word_1_202' title='bbox 696 3254 813 3330; x_wconf 90' lang='lat' dir='ltr'>costis</span> <span class='ocrx_word' id='word_1_203' title='bbox 839 3253 930 3353; x_wconf 90' lang='lat' dir='ltr'>ipsis</span> <span class='ocrx_word' id='word_1_204' title='bbox 951 3251 1046 3351; x_wconf 75' lang='lat' dir='ltr'>(L),</span> <span class='ocrx_word' id='word_1_205' title='bbox 1080 3254 1120 3324; x_wconf 89' lang='lat' dir='ltr'>in</span> <span class='ocrx_word' id='word_1_206' title='bbox 1139 3249 1266 3324; x_wconf 88' lang='lat' dir='ltr'>altero</span> <span class='ocrx_word' id='word_1_207' title='bbox 1290 3259 1424 3324; x_wconf 89' lang='lat' dir='ltr'>autem</span> <span class='ocrx_word' id='word_1_208' title='bbox 1443 3274 1465 3325; x_wconf 91' lang='lat' dir='ltr'>e</span> <span class='ocrx_word' id='word_1_209' title='bbox 1491 3251 1693 3356; x_wconf 86' lang='lat' dir='ltr'>frondium</span> <span class='ocrx_word' id='word_1_210' title='bbox 1717 3262 1898 3352; x_wconf 85' lang='lat' dir='ltr'>margine</span> 
     </span>
     <span class='ocr_line' id='line_1_22' title="bbox 198 3375 1899 3477; baseline 0.006 -27"><span class='ocrx_word' id='word_1_211' title='bbox 198 3376 272 3476; x_wconf 69' lang='grc' dir='ltr'>(α)</span> <span class='ocrx_word' id='word_1_212' title='bbox 292 3376 506 3476; x_wconf 86' lang='lat' dir='ltr'>pullulant,</span> <span class='ocrx_word' id='word_1_213' title='bbox 531 3403 577 3454; x_wconf 77' lang='lat' dir='ltr'>ac</span> <span class='ocrx_word' id='word_1_214' title='bbox 598 3383 639 3454; x_wconf 92' lang='lat' dir='ltr'>in</span> <span class='ocrx_word' id='word_1_215' title='bbox 653 3383 834 3474; x_wconf 85' lang='lat' dir='ltr'>utrisque</span> <span class='ocrx_word' id='word_1_216' title='bbox 854 3378 1047 3477; x_wconf 89' lang='lat' dir='ltr'>fimplices</span> <span class='ocrx_word' id='word_1_217' title='bbox 1064 3376 1231 3471; x_wconf 87' lang='lat' dir='ltr'>gongyli</span> <span class='ocrx_word' id='word_1_218' title='bbox 1246 3375 1352 3460; x_wconf 90' lang='lat' dir='ltr'>sunt,</span> <span class='ocrx_word' id='word_1_219' title='bbox 1377 3379 1445 3470; x_wconf 87' lang='lat' dir='ltr'>qui</span> <span class='ocrx_word' id='word_1_220' title='bbox 1462 3381 1635 3475; x_wconf 85' lang='lat' dir='ltr'>primurn</span> <span class='ocrx_word' id='word_1_221' title='bbox 1650 3384 1812 3458; x_wconf 87' lang='lat' dir='ltr'>rotundi</span> <span class='ocrx_word' id='word_1_222' title='bbox 1830 3387 1899 3461; x_wconf 91' lang='lat' dir='ltr'>vel</span> 
     </span>
     <span class='ocr_line' id='line_1_23' title="bbox 197 3494 1899 3609; baseline 0.003 -28"><span class='ocrx_word' id='word_1_223' title='bbox 197 3503 446 3581; x_wconf 85' lang='lat' dir='ltr'>lenticularis</span> <span class='ocrx_word' id='word_1_224' title='bbox 469 3494 764 3603; x_wconf 80' lang='lat' dir='ltr'>globulilpecie</span> <span class='ocrx_word' id='word_1_225' title='bbox 789 3508 894 3580; x_wconf 85' lang='lat' dir='ltr'>intra</span> <span class='ocrx_word' id='word_1_226' title='bbox 916 3507 1117 3583; x_wconf 86' lang='lat' dir='ltr'>frondium</span> <span class='ocrx_word' id='word_1_227' title='bbox 1137 3503 1329 3577; x_wconf 91' lang='lat' dir='ltr'>corticem</span> <span class='ocrx_word' id='word_1_228' title='bbox 1353 3503 1529 3609; x_wconf 85' lang='lat' dir='ltr'>haerent,</span> <span class='ocrx_word' id='word_1_229' title='bbox 1555 3505 1689 3604; x_wconf 88' lang='lat' dir='ltr'>postea</span> <span class='ocrx_word' id='word_1_230' title='bbox 1706 3517 1839 3583; x_wconf 87' lang='lat' dir='ltr'>autem</span> <span class='ocrx_word' id='word_1_231' title='bbox 1857 3512 1899 3586; x_wconf 88' lang='lat' dir='ltr'>in</span> 
     </span>
     <span class='ocr_line' id='line_1_24' title="bbox 196 3628 1898 3731; baseline 0.002 -24"><span class='ocrx_word' id='word_1_232' title='bbox 196 3631 366 3727; x_wconf 87' lang='lat' dir='ltr'>ligulas,</span> <span class='ocrx_word' id='word_1_233' title='bbox 393 3628 633 3714; x_wconf 65' lang='lat' dir='ltr'>bratteolas,</span> <span class='ocrx_word' id='word_1_234' title='bbox 659 3631 880 3724; x_wconf 89' lang='lat' dir='ltr'>squamulas</span> <span class='ocrx_word' id='word_1_235' title='bbox 896 3644 965 3707; x_wconf 88' lang='lat' dir='ltr'>aut</span> <span class='ocrx_word' id='word_1_236' title='bbox 983 3639 1232 3706; x_wconf 87' lang='lat' dir='ltr'>ramentacea</span> <span class='ocrx_word' id='word_1_237' title='bbox 1252 3631 1508 3727; x_wconf 88' lang='lat' dir='ltr'>corpuscula,</span> <span class='ocrx_word' id='word_1_238' title='bbox 1535 3630 1696 3731; x_wconf 75' lang='lat' dir='ltr'>simplici</span> <span class='ocrx_word' id='word_1_239' title='bbox 1723 3640 1898 3731; x_wconf 86' lang='lat' dir='ltr'>partium</span> 
     </span>
     <span class='ocr_line' id='line_1_25' title="bbox 196 3755 1898 3842; baseline 0.002 -9"><span class='ocrx_word' id='word_1_240' title='bbox 196 3759 359 3834; x_wconf 86' lang='lat' dir='ltr'>suarum</span> <span class='ocrx_word' id='word_1_241' title='bbox 381 3757 613 3831; x_wconf 85' lang='lat' dir='ltr'>extensione</span> <span class='ocrx_word' id='word_1_242' title='bbox 635 3767 859 3842; x_wconf 90' lang='lat' dir='ltr'>mutantur,</span> <span class='ocrx_word' id='word_1_243' title='bbox 885 3757 925 3831; x_wconf 74' lang='grc' dir='ltr'>ὅ(</span> <span class='ocrx_word' id='word_1_244' title='bbox 944 3756 1104 3832; x_wconf 86' lang='lat' dir='ltr'>tandem</span> <span class='ocrx_word' id='word_1_245' title='bbox 1128 3755 1302 3828; x_wconf 90' lang='lat' dir='ltr'>resoluto</span> <span class='ocrx_word' id='word_1_246' title='bbox 1330 3758 1467 3830; x_wconf 88' lang='lat' dir='ltr'>matris</span> <span class='ocrx_word' id='word_1_247' title='bbox 1487 3760 1634 3832; x_wconf 87' lang='lat' dir='ltr'>cortice</span> <span class='ocrx_word' id='word_1_248' title='bbox 1656 3760 1704 3832; x_wconf 87' lang='lat' dir='ltr'>ab</span> <span class='ocrx_word' id='word_1_249' title='bbox 1726 3782 1772 3833; x_wconf 84' lang='lat' dir='ltr'>ea</span> <span class='ocrx_word' id='word_1_250' title='bbox 1794 3761 1898 3837; x_wconf 89' lang='lat' dir='ltr'>sece-</span> 
     </span>
     <span class='ocr_line' id='line_1_26' title="bbox 197 3880 1898 3982; baseline 0.002 -22"><span class='ocrx_word' id='word_1_251' title='bbox 197 3883 359 3961; x_wconf 83' lang='lat' dir='ltr'>dunt&amp;</span> <span class='ocrx_word' id='word_1_252' title='bbox 381 3885 424 3956; x_wconf 91' lang='lat' dir='ltr'>in</span> <span class='ocrx_word' id='word_1_253' title='bbox 451 3882 635 3958; x_wconf 89' lang='lat' dir='ltr'>novellas</span> <span class='ocrx_word' id='word_1_254' title='bbox 658 3883 786 3959; x_wconf 88' lang='lat' dir='ltr'>Usvas</span> <span class='ocrx_word' id='word_1_255' title='bbox 814 3882 1093 3977; x_wconf 85' lang='lat' dir='ltr'>grandescunt.</span> <span class='ocrx_word' id='word_1_256' title='bbox 1143 3880 1217 3955; x_wconf 85' lang='lat' dir='ltr'>Ista</span> <span class='ocrx_word' id='word_1_257' title='bbox 1240 3881 1442 3977; x_wconf 88' lang='lat' dir='ltr'>primitiva</span> <span class='ocrx_word' id='word_1_258' title='bbox 1474 3883 1660 3975; x_wconf 83' lang='lat' dir='ltr'>granula,</span> <span class='ocrx_word' id='word_1_259' title='bbox 1697 3894 1796 3982; x_wconf 91' lang='lat' dir='ltr'>puto</span> <span class='ocrx_word' id='word_1_260' title='bbox 1819 3885 1898 3964; x_wconf 84' lang='lat' dir='ltr'>esl&#39;e</span> 
     </span>
     <span class='ocr_line' id='line_1_27' title="bbox 196 4003 1897 4111; baseline -0.001 -25"><span class='ocrx_word' id='word_1_261' title='bbox 196 4007 525 4086; x_wconf 73' lang='lat' dir='ltr'>fruttificationes</span> <span class='ocrx_word' id='word_1_262' title='bbox 548 4009 635 4083; x_wconf 92' lang='lat' dir='ltr'>illas</span> <span class='ocrx_word' id='word_1_263' title='bbox 661 4011 763 4085; x_wconf 89' lang='lat' dir='ltr'>intra</span> <span class='ocrx_word' id='word_1_264' title='bbox 787 4008 988 4089; x_wconf 86' lang='lat' dir='ltr'>frondium</span> <span class='ocrx_word' id='word_1_265' title='bbox 1019 4004 1265 4082; x_wconf 88' lang='lat' dir='ltr'>substantiam</span> <span class='ocrx_word' id='word_1_266' title='bbox 1289 4003 1456 4103; x_wconf 87' lang='lat' dir='ltr'>sparsas,</span> <span class='ocrx_word' id='word_1_267' title='bbox 1494 4029 1593 4101; x_wconf 87' lang='lat' dir='ltr'>quas</span> <span class='ocrx_word' id='word_1_268' title='bbox 1625 4012 1807 4086; x_wconf 89' lang='lat' dir='ltr'>nonnulli</span> <span class='ocrx_word' id='word_1_269' title='bbox 1829 4010 1897 4111; x_wconf 85' lang='lat'>(3)</span> 
     </span>
     <span class='ocr_line' id='line_1_28' title="bbox 197 4128 1917 4231; baseline 0.001 -19"><span class='ocrx_word' id='word_1_270' title='bbox 197 4136 321 4213; x_wconf 83' lang='lat' dir='ltr'>Ulvis</span> <span class='ocrx_word' id='word_1_271' title='bbox 348 4136 549 4219; x_wconf 88' lang='lat' dir='ltr'>tribuunt,</span> <span class='ocrx_word' id='word_1_272' title='bbox 574 4134 613 4209; x_wconf 88' lang='lat'>&amp;</span> <span class='ocrx_word' id='word_1_273' title='bbox 638 4156 738 4227; x_wconf 86' lang='lat' dir='ltr'>quas</span> <span class='ocrx_word' id='word_1_274' title='bbox 768 4136 859 4209; x_wconf 90' lang='lat' dir='ltr'>sano</span> <span class='ocrx_word' id='word_1_275' title='bbox 883 4134 995 4208; x_wconf 88' lang='lat' dir='ltr'>sensu</span> <span class='ocrx_word' id='word_1_276' title='bbox 1021 4134 1186 4222; x_wconf 85' lang='lat' dir='ltr'>sumtas,</span> <span class='ocrx_word' id='word_1_277' title='bbox 1221 4128 1501 4206; x_wconf 75' lang='lat' dir='ltr'>Guroruus</span> <span class='ocrx_word' id='word_1_278' title='bbox 1534 4131 1610 4231; x_wconf 93' lang='lat'>(4)</span> <span class='ocrx_word' id='word_1_279' title='bbox 1637 4156 1787 4229; x_wconf 86' lang='lat' dir='ltr'>negare</span> <span class='ocrx_word' id='word_1_280' title='bbox 1811 4160 1917 4213; x_wconf 13' lang='lat' dir='ltr'>nona</span> 
     </span>
     <span class='ocr_line' id='line_1_29' title="bbox 197 4256 1894 4357; baseline -0.001 -17"><span class='ocrx_word' id='word_1_281' title='bbox 197 4260 399 4340; x_wconf 76' lang='lat' dir='ltr'>debuiss&#39;et</span> <span class='ocrx_word' id='word_1_282' title='bbox 430 4258 619 4357; x_wconf 86' lang='lat' dir='ltr'>Capsulas</span> <span class='ocrx_word' id='word_1_283' title='bbox 629 4283 732 4335; x_wconf 92' lang='lat' dir='ltr'>vero</span> <span class='ocrx_word' id='word_1_284' title='bbox 751 4260 855 4344; x_wconf 85' lang='lat' dir='ltr'>illas,</span> <span class='ocrx_word' id='word_1_285' title='bbox 880 4271 1039 4335; x_wconf 87' lang='lat' dir='ltr'>centum</span> <span class='ocrx_word' id='word_1_286' title='bbox 1061 4258 1272 4333; x_wconf 84' lang='lat' dir='ltr'>seminibus</span> <span class='ocrx_word' id='word_1_287' title='bbox 1287 4256 1491 4350; x_wconf 84' lang='lat' dir='ltr'>gravidas,</span> <span class='ocrx_word' id='word_1_288' title='bbox 1517 4258 1894 4353; x_wconf 76' lang='lat' dir='ltr'>quacnomsouos</span> 
     </span>
     <span class='ocr_line' id='line_1_30' title="bbox 197 4381 1893 4489; baseline 0.001 -26"><span class='ocrx_word' id='word_1_289' title='bbox 197 4387 266 4489; x_wconf 83' lang='lat'>(5)</span> <span class='ocrx_word' id='word_1_290' title='bbox 290 4387 411 4463; x_wconf 80' lang='lat' dir='ltr'>Ulvae</span> <span class='ocrx_word' id='word_1_291' title='bbox 434 4382 594 4467; x_wconf 66' lang='lat' dir='ltr'>meno</span> <span class='ocrx_word' id='word_1_292' title='bbox 613 4385 811 4471; x_wconf 85' lang='lat' dir='ltr'>adscribit,</span> <span class='ocrx_word' id='word_1_293' title='bbox 836 4406 905 4461; x_wconf 84' lang='lat' dir='ltr'>eas</span> <span class='ocrx_word' id='word_1_294' title='bbox 923 4396 1033 4460; x_wconf 89' lang='lat' dir='ltr'>certe</span> <span class='ocrx_word' id='word_1_295' title='bbox 1057 4407 1178 4460; x_wconf 87' lang='lat' dir='ltr'>nemo</span> <span class='ocrx_word' id='word_1_296' title='bbox 1207 4404 1283 4457; x_wconf 91' lang='lat' dir='ltr'>nec</span> <span class='ocrx_word' id='word_1_297' title='bbox 1300 4381 1418 4469; x_wconf 90' lang='lat' dir='ltr'>vidit,</span> <span class='ocrx_word' id='word_1_298' title='bbox 1447 4404 1523 4458; x_wconf 88' lang='lat' dir='ltr'>nec</span> <span class='ocrx_word' id='word_1_299' title='bbox 1542 4383 1692 4462; x_wconf 87' lang='lat' dir='ltr'>videbit</span> <span class='ocrx_word' id='word_1_300' title='bbox 1705 4410 1893 4482; x_wconf 85' lang='lat' dir='ltr'>unquam.</span> 
     </span>
    </p>

    <p class='ocr_par' dir='ltr' id='par_1_6' title="bbox 243 4511 1896 4875">
     <span class='ocr_line' id='line_1_31' title="bbox 1713 4511 1896 4591; baseline 0.005 -2"><span class='ocrx_word' id='word_1_301' title='bbox 1713 4511 1896 4591; x_wconf 88' lang='lat' dir='ltr'>Ceramia</span> 
     </span>
     <span class='ocr_line' id='line_1_32' title="bbox 243 4658 1580 4750; baseline -0.003 -17"><span class='ocrx_word' id='word_1_302' title='bbox 243 4669 285 4750; x_wconf 85' lang='grc' dir='ltr'>ι.)</span> <span class='ocrx_word' id='word_1_303' title='bbox 311 4662 409 4731; x_wconf 75' lang='lat' dir='ltr'>omes.</span> <span class='ocrx_word' id='word_1_304' title='bbox 437 4664 497 4729; x_wconf 78' lang='lat' dir='ltr'>foe.</span> <span class='ocrx_word' id='word_1_305' title='bbox 525 4680 546 4729; x_wconf 87' lang='lat' dir='ltr'>t.</span> <span class='ocrx_word' id='word_1_306' title='bbox 575 4685 622 4729; x_wconf 64' lang='grc' dir='ltr'><strong><em>ω.</em></strong></span> <span class='ocrx_word' id='word_1_307' title='bbox 644 4661 667 4729; x_wconf 87' lang='lat' dir='ltr'>f.</span> <span class='ocrx_word' id='word_1_308' title='bbox 690 4684 715 4739; x_wconf 82' lang='lat'>3.</span> <span class='ocrx_word' id='word_1_309' title='bbox 736 4678 758 4729; x_wconf 82' lang='lat' dir='ltr'>t.</span> <span class='ocrx_word' id='word_1_310' title='bbox 782 4679 826 4738; x_wconf 72' lang='lat'>23.</span> <span class='ocrx_word' id='word_1_311' title='bbox 850 4676 870 4726; x_wconf 85' lang='lat' dir='ltr'>t.</span> <span class='ocrx_word' id='word_1_312' title='bbox 891 4682 943 4739; x_wconf 74' lang='lat'>24</span> <span class='ocrx_word' id='word_1_313' title='bbox 964 4659 987 4725; x_wconf 85' lang='lat' dir='ltr'>s&#39;.</span> <span class='ocrx_word' id='word_1_314' title='bbox 1010 4681 1033 4725; x_wconf 83' lang='lat' dir='ltr'>r.</span> <span class='ocrx_word' id='word_1_315' title='bbox 1109 4662 1152 4742; x_wconf 76' lang='lat'>3.)</span> <span class='ocrx_word' id='word_1_316' title='bbox 1182 4662 1270 4725; x_wconf 83' lang='lat' dir='ltr'>Lino.</span> <span class='ocrx_word' id='word_1_317' title='bbox 1292 4680 1359 4740; x_wconf 86' lang='lat' dir='ltr'>gen.</span> <span class='ocrx_word' id='word_1_318' title='bbox 1381 4658 1474 4746; x_wconf 88' lang='lat' dir='ltr'>plant.</span> <span class='ocrx_word' id='word_1_319' title='bbox 1497 4669 1580 4729; x_wconf 73' lang='lat'><em>1206.</em></span> 
     </span>
     <span class='ocr_line' id='line_1_33' title="bbox 307 4776 1365 4875; baseline 0.008 -30"><span class='ocrx_word' id='word_1_320' title='bbox 307 4802 336 4846; x_wconf 73' lang='grc' dir='ltr'><strong><em>ι.</em></strong></span> <span class='ocrx_word' id='word_1_321' title='bbox 357 4796 380 4844; x_wconf 84' lang='lat' dir='ltr'>t.</span> <span class='ocrx_word' id='word_1_322' title='bbox 401 4799 446 4855; x_wconf 67' lang='grc' dir='ltr'><strong><em>ις.</em></strong></span> <span class='ocrx_word' id='word_1_323' title='bbox 470 4776 493 4843; x_wconf 86' lang='lat' dir='ltr'>s.</span> <span class='ocrx_word' id='word_1_324' title='bbox 517 4800 540 4843; x_wconf 84' lang='grc' dir='ltr'><strong><em>ι.</em></strong></span> <span class='ocrx_word' id='word_1_325' title='bbox 1109 4792 1157 4870; x_wconf 82' lang='grc'>4.)</span> <span class='ocrx_word' id='word_1_326' title='bbox 1181 4788 1202 4854; x_wconf 91' lang='grc'><strong><em>1.</em></strong></span> <span class='ocrx_word' id='word_1_327' title='bbox 1225 4811 1250 4854; x_wconf 84' lang='lat' dir='ltr'>c.</span> <span class='ocrx_word' id='word_1_328' title='bbox 1271 4812 1302 4875; x_wconf 89' lang='lat' dir='ltr'>p.</span> <span class='ocrx_word' id='word_1_329' title='bbox 1323 4805 1365 4863; x_wconf 62' lang='grc' dir='ltr'><strong><em>ες.</em></strong></span> 
     </span>
    </p>
   </div>
   <div class='ocr_carea' id='block_1_4' title="bbox 243 4915 1539 5108">
    <p class='ocr_par' dir='ltr' id='par_1_7' title="bbox 243 4915 1539 5108">
     <span class='ocr_line' id='line_1_34' title="bbox 243 4915 1539 5006; baseline -0.005 -15"><span class='ocrx_word' id='word_1_330' title='bbox 243 4934 284 5001; x_wconf 67' lang='grc' dir='ltr'>ι)</span> <span class='ocrx_word' id='word_1_331' title='bbox 304 4919 404 4990; x_wconf 74' lang='lat' dir='ltr'>emet</span> <span class='ocrx_word' id='word_1_332' title='bbox 425 4918 503 4986; x_wconf 83' lang='lat' dir='ltr'>ibid</span> <span class='ocrx_word' id='word_1_333' title='bbox 524 4933 548 4987; x_wconf 84' lang='lat' dir='ltr'>t.</span> <span class='ocrx_word' id='word_1_334' title='bbox 568 4933 607 4993; x_wconf 81' lang='lat' dir='ltr'>u.</span> <span class='ocrx_word' id='word_1_335' title='bbox 629 4921 652 4989; x_wconf 72' lang='lat' dir='ltr'>i</span> <span class='ocrx_word' id='word_1_336' title='bbox 672 4935 741 4999; x_wconf 62' lang='lat' dir='ltr'>ar.</span> <span class='ocrx_word' id='word_1_337' title='bbox 763 4938 815 4989; x_wconf 71' lang='grc' dir='ltr'><strong><em>ιο.</em></strong></span> <span class='ocrx_word' id='word_1_338' title='bbox 837 4918 860 4987; x_wconf 86' lang='lat' dir='ltr'>s.</span> <span class='ocrx_word' id='word_1_339' title='bbox 884 4941 912 4986; x_wconf 68' lang='grc' dir='ltr'><strong><em>ι.</em></strong></span> <span class='ocrx_word' id='word_1_340' title='bbox 934 4934 957 4986; x_wconf 76' lang='lat' dir='ltr'>c</span> <span class='ocrx_word' id='word_1_341' title='bbox 978 4938 1020 4984; x_wconf 81' lang='lat' dir='ltr'>n.</span> <span class='ocrx_word' id='word_1_342' title='bbox 1109 4924 1154 5006; x_wconf 85' lang='lat'>5·)</span> <span class='ocrx_word' id='word_1_343' title='bbox 1177 4922 1257 4985; x_wconf 72' lang='lat' dir='ltr'>Fam.</span> <span class='ocrx_word' id='word_1_344' title='bbox 1279 4915 1371 5004; x_wconf 75' lang='lat' dir='ltr'>plant</span> <span class='ocrx_word' id='word_1_345' title='bbox 1393 4934 1422 4985; x_wconf 86' lang='lat'>2.</span> <span class='ocrx_word' id='word_1_346' title='bbox 1446 4940 1476 5006; x_wconf 85' lang='lat' dir='ltr'>p.</span> <span class='ocrx_word' id='word_1_347' title='bbox 1500 4939 1539 4995; x_wconf 79' lang='lat' dir='ltr'>u.</span> 
     </span>
     <span class='ocr_line' id='line_1_35' title="bbox 442 5048 1035 5108; baseline -0.005 3"><span class='ocrx_word' id='word_1_348' title='bbox 442 5048 449 5059; x_wconf 83' lang='lat'>&#39;</span> <span class='ocrx_word' id='word_1_349' title='bbox 1011 5057 1035 5108; x_wconf 93' lang='lat' dir='ltr'>c</span> 
     </span>
    </p>
   </div>
   <div class='ocr_carea' id='block_1_5' title="bbox 1755 5510 2186 5913">
    <p class='ocr_par' dir='ltr' id='par_1_8' title="bbox 1755 5510 2186 5913">
     <span class='ocr_line' id='line_1_36' title="bbox 1755 5510 2186 5913; baseline 0 0"><span class='ocrx_word' id='word_1_350' title='bbox 1755 5510 2186 5913; x_wconf 39' lang='grc' dir='ltr'><em>β</em></span> 
     </span>
    </p>
   </div>
   <div class='ocr_carea' id='block_1_6' title="bbox 0 0 2430 6055">
    <p class='ocr_par' dir='ltr' id='par_1_9' title="bbox 0 0 2430 6055">
     <span class='ocr_line' id='line_1_37' title="bbox 0 0 2430 6055; baseline 0 0"><span class='ocrx_word' id='word_1_351' title='bbox 0 0 2430 6055; x_wconf 95' lang='lat' dir='ltr'> </span> 
     </span>
    </p>
   </div>
  </div>
 </body>
</html>
