4852 6062
1092 720 1097 730 '
1165 748 1480 947 cnrvr
1513 756 1577 864 11.

1343 958 1435 1040 DE

540 1170 545 1177 -
765 1114 897 1197 ulfo
921 1112 1005 1195 ET
1022 1109 1378 1194 GENIYALIB
1391 1111 1471 1195 US
1497 1110 2004 1196 VEGETABJLIUM.

1119 1287 1627 1319 w

489 1510 493 1516 ·
536 1407 689 1544 Ovum
711 1456 936 1564 vegetabile
959 1470 1091 1545 omnis
1109 1469 1199 1544 veri
1219 1468 1378 1545 seminis
1398 1468 1662 1569 primordium
1679 1468 1755 1555 est,
1788 1467 1829 1546 &
1853 1466 2020 1568 perinde
2044 1464 2227 1562 quidem,

533 1589 644 1668 sicuti
668 1615 848 1700 gemma,
879 1580 1013 1669 asolis
1034 1595 1131 1669 vitae
1152 1592 1308 1669 viribus
1330 1594 1585 1693 producitur,
1621 1593 1685 1669 sed
1710 1615 1793 1669 non
1810 1602 1858 1667 ut
1882 1593 1969 1675 illa‘,
2007 1594 2048 1667 in
2077 1613 2229 1699 novam

534 1716 709 1813 plantam
725 1720 976 1816 procrescere
995 1717 1121 1810 valet,
1159 1717 1231 1790 nifi
1244 1718 1378 1817 prius,
1409 1719 1715 1796 foecundationis
1729 1741 1828 1816 ope,
1861 1720 1902 1792 in
1925 1739 2072 1796 verum
2095 1719 2229 1794 semen

536 1840 659 1916 suerit
677 1844 926 1919 conversum.
982 1843 1090 1918 Hinc
1106 1839 1178 1924 est,
1204 1841 1311 1937 quod
1327 1866 1453 1920 ovum
1474 1848 1715 1940 regulariter
1733 1865 1938 1938 nunquam
1965 1843 2146 1917 nascatur
2166 1843 2228 1918 so-

533 1968 635 2050 lum,
661 1969 724 2043 sed
744 1968 968 2046 constanter
988 1970 1158 2043 aliorum
1179 1988 1443 2061 organorum,
1468 1992 1575 2046 nunc
1595 1971 1785 2070 propius,
1808 1990 1919 2043 nunc
1938 1970 2135 2044 remotius
2150 1995 2175 2045 a
2189 1970 2229 2047 se

534 2092 772 2193 positorum,
804 2096 984 2173 satellitio
1009 2095 1192 2193 stipatum
1208 2092 1277 2179 srt,
1307 2106 1355 2170 ut
1370 2119 1513 2177 eorum
1529 2094 1747 2177 ministerio
1767 2094 1818 2170 ad
1839 2092 2134 2194 producendam
2152 2118 2226 2170 no·

533 2243 626 2296 vam
646 2219 808 2320 stirpem
824 2220 1014 2296 reddatur
1037 2219 1233 2294 idoneum.

629 2411 811 2510 Organa,
850 2415 1073 2513 operationi
1097 2414 1152 2488 illi
1171 2412 1317 2499 dicata,
1348 2415 1599 2513 appellantur
1618 2417 1820 2510 genitalia,
1856 2417 1964 2490 acin
1992 2414 2226 2509 vegetabili-

532 2539 627 2623 bus,
651 2541 757 2618 haud
770 2541 883 2616 secus
895 2563 941 2616 ac
960 2541 999 2614 in
1013 2541 1265 2625 animalibus,
1290 2534 1458 2640 duplicis
1472 2545 1632 2636 generis
1647 2541 1865 2618 habentur-2
1892 2533 2056 2614 mascula
2070 2557 2226 2635 nempe,

392 2718 396 2722 Δ
531 2687 624 2759 quae
642 2666 880 2743 foecundans
900 2667 1055 2766 sperma
1073 2666 1273 2765 praebent,
1304 2664 1344 2741 δι
1368 2665 1557 2751 feminea,
1589 2690 1763 2762 quorum
1785 2669 1972 2765 princeps
1988 2683 2082 2762 pars
2101 2662 2225 2760 ipsum

531 2789 699 2877 ovulum
722 2792 792 2869 est.
842 2786 956 2868 Sexu
977 2795 1099 2885 igitur
1118 2813 1259 2866 omnes
1280 2792 1427 2890 plantae
1446 2793 1620 2887 gaudere
1639 2790 1845 2868 restissrme
1865 2790 2095 2880 censentur,
2132 2808 2225 2882 quae

531 2919 644 2992 veris
663 2916 838 3012 gaudent
850 2916 1086 3001 seminibus;
1119 2924 1160 2989 at
1181 2917 1259 3015 ipsa
1276 2917 1395 2993 sexus
1418 2940 1587 3013 organa,
1623 2921 1680 2992 uti
1696 2913 1917 3009 sunstlone,
1945 2918 1997 2988 ita
2015 2914 2085 2989 vel
2098 2914 2223 2987 maxi·

531 3063 597 3116 me
615 3065 775 3139 quoque
801 3045 868 3118 sua
894 3043 1214 3117 conformatione
1231 3040 1435 3138 insigniter
1451 3047 1555 3119 inter
1569 3046 1607 3121 se
1627 3045 1866 3141 discrepant,
1900 3061 2025 3134 quare
2045 3059 2154 3114 nunc
2174 3038 2224 3113 de

530 3170 713 3264 utrisque
727 3155 906 3255 seorsim,
935 3167 1296 3267 &primoquidem
1320 3167 1369 3242 de
1389 3170 1567 3246 masculis
1595 3173 1675 3245 erit
1693 3169 1913 3247 dicendum.

628 3382 805 3457 Mascula
821 3403 991 3476 organa,
1018 3384 1056 3455 in
1077 3382 1223 3480 plantis
1236 3378 1559 3477 persedtioribus,
1595 3385 1816 3478 generatim
1832 3405 1888 3457 ex
1902 3382 2030 3456 tribus
2042 3381 2222 3478 partibus

530 3506 660 3587 solidis
684 3507 900 3608 composita
926 3505 1002 3583 esse
1026 3506 1171 3580 solent:
1203 3507 1408 3580 illamento
1429 3501 1504 3579 scil.
1532 3509 1699 3583 anthera
1722 3517 1840 3603 atque
1863 3505 2029 3604 polline,
2075 3506 2221 3601 quibus

530 3637 719 3733 deinceps
741 3653 836 3733 pars
859 3632 1004 3715 fluida,
1031 3630 1096 3704 seu
1117 3631 1272 3731 sperma
1292 3652 1433 3708 verum
1450 3633 1616 3719 accedit;
1641 3634 1826 3709 omnibus
1845 3643 1977 3708 autem
1991 3630 2105 3708 simul
2120 3632 2224 3706 sum·

529 3764 600 3851 tis,
635 3756 806 3842 Stamim'r
832 3782 979 3835 nornen
1001 3757 1068 3835 est.

627 3950 855 4033 sitammam
874 3953 932 4031 est
954 3952 1088 4028 infima
1103 3948 1405 4052 staminispars,
1445 3976 1536 4048 quae
1559 3953 1726 4047 reliquis
1743 3951 1847 4028 basin
1870 3949 1910 4026 br
1932 3952 2226 4036 nutrimentum

531 4080 702 4179 praebet,
743 4081 847 4181 saepe
868 4101 972 4157 vero
1000 4081 1164 4176 penitus
1189 4077 1343 4164 delicit,
1376 4082 1443 4155 vel
1466 4083 1599 4156 saltem
1632 4080 1792 4155 disicere
1812 4078 1983 4155 videtur.
2044 4074 2226 4151 Multum

524 4202 667 4304 juvat,
691 4202 984 4280 filamentorum
1003 4205 1192 4299 figuram,
1219 4226 1449 4289 numerum,
1476 4204 1757 4288 cohaesionem,
1783 4204 2086 4303 proportionem
2106 4213 2224 4297 atque

529 4331 646 4407 srturn
673 4339 810 4405 curate
840 4329 1066 4427 inspexisse,
1118 4330 1276 4424 quando
1301 4353 1356 4404 ex
1384 4328 1552 4405 sloribus
1578 4331 1735 4430 plantas
1763 4331 2000 4426 cognoscere
2030 4330 2224 4425 cupimus.

529 4457 633 4535 Heio
653 4465 785 4532 autern
807 4456 923 4530 nobis
945 4452 1104 4540 sufficit,
1135 4458 1355 4551 generatim
1373 4454 1590 4530 adnotasse:
1627 4456 1735 4551 quod
1759 4457 1862 4533 inter
1884 4476 2028 4530 omnes
2046 4452 2132 4528 illas
2150 4452 2224 4528 sta-

528 4588 681 4661 minum
702 4578 951 4672 affedtiones,
977 4582 1151 4655 maxime
1172 4582 1383 4657 variabiles
1403 4580 1480 4656 fint
1498 4580 1628 4677 ligura
1648 4580 1688 4659 δι
1704 4601 1916 4664 numerus,
1942 4579 1982 4656 dr
2000 4561 2108 4675 quod
2128 4602 2224 4678 pro·

528 4714 682 4812 portio,
705 4707 871 4801 reliquis
887 4705 1157 4791 constantior,
1178 4706 1276 4784 situs
1291 4719 1425 4783 autem
1445 4709 1623 4783 omnium
1642 4707 1971 4783 constantissimus
1991 4706 2031 4781 bc
2048 4707 2116 4783 vel
2135 4705 2222 4779 ideo

528 4858 690 4932 quoque
710 4841 850 4907 notatu
870 4828 1114 4926 dignissimus
1133 4831 1197 4919 fit,
1222 4855 1312 4908 cum
1332 4858 1355 4908 a
1378 4834 1672 4911 filarnentorum
1697 4834 1968 4936 proficiscatur
1990 4833 2224 4916 insertione,

529 4972 649 5058 atque
662 4959 768 5043 haec,
795 4960 835 5032 in
855 4960 992 5033 intima
1009 4956 1157 5034 florum
1173 4959 1464 5054 organisatione
1486 4960 1676 5053 fundata,
1713 4979 1790 5034 nos
1812 4962 2000 5060 proxime
2019 4960 2065 5033 ad
2084 4982 2224 5034 veram

1991 5086 2225 5180 genitalium
