4878 6064
509 530 631 592 extit
1198 520 1506 563 m

509 742 788 839 Vaginalrbus,
821 728 1020 834 Jalappis,
1054 728 1296 813 Portulacis,
1325 727 1500 820 Malus,
1530 724 1571 803 dr
1601 731 1819 823 generatim
1842 730 1886 801 in
1909 724 2101 800 omnibus
2132 725 2210 799 illis

509 870 746 948 seminibus,
773 881 945 957 quorum
967 855 1138 950 embryo
1159 856 1197 927 in
1222 855 1412 928 circulum
1435 856 1505 929 vel
1531 855 1672 951 spiram
1693 854 1823 939 astus,
1851 862 1922 927 aut
1948 852 2211 947 cotyledones

511 999 687 1096 plicatae,
713 983 942 1064 convolutae
964 1005 1010 1055 ac
1023 982 1366 1079 contortuplicatae
1382 980 1481 1054 sunt.
1530 981 1715 1076 Denique
1734 982 1774 1057 ὃ(
1790 981 1827 1055 id
1845 981 1893 1054 de
1909 978 2080 1052 farinoso
2101 980 2210 1052 albu-

512 1127 618 1199 mine
645 1114 884 1194 notandum,
910 1108 1017 1206 quod
1037 1107 1306 1202 frequentius,
1331 1128 1450 1202 quam
1460 1107 1587 1180 ullum
1604 1109 1726 1192 aliud,
1746 1108 2015 1202 embryonem
2033 1114 2153 1178 extra
2174 1106 2215 1187 se,

511 1247 681 1348 positum
706 1242 874 1324 habeat3
905 1234 945 1309 &
965 1234 1073 1329 quod
1100 1255 1306 1331 nunquam
1323 1232 1418 1306 oleo
1450 1232 1571 1307 crasso
1591 1236 1761 1309 scateat:
1789 1255 1916 1327 quare
1937 1231 1981 1306 dc
2007 1214 2212 1327 nunquam

510 1374 719 1448 rancescit

612 1551 823 1652 Carnosum,
849 1550 971 1643 longe
985 1540 1341 1641 frequentissimum
1356 1544 1431 1638 est,
1457 1546 1679 1644 praesertim
1692 1566 1782 1618 cum
1799 1565 1923 1617 omne
1939 1543 2121 1617 albumen
2141 1538 2215 1614 noss

512 1688 574 1760 bis
588 1682 742 1756 dicatur
757 1674 982 1759 carnosum,
1009 1672 1117 1769 quod
1137 1694 1210 1747 nec
1224 1673 1273 1746 ad
1296 1672 1530 1757 farinosum,
1554 1693 1631 1747 nec
1646 1670 1693 1743 ad
1708 1669 2024 1764 cartilaginosum
2041 1690 2213 1741 commo·

514 1811 562 1885 de
589 1806 734 1881 referri
763 1800 916 1901 potest,
950 1799 1014 1876 sed
1041 1803 1145 1874 inter
1170 1810 1388 1893 utrumque
1415 1799 1581 1872 mediam
1609 1798 1727 1872 habet
1756 1795 2054 1871 consistendam.
2104 1791 2214 1867 Hinc

514 1939 627 2011 varia
648 1933 683 2006 ei
700 1932 893 2026 competit
902 1927 1070 2001 durities
1092 1935 1212 2018 atque
1231 1934 1415 2000 textura:
1442 1924 1488 1996 In
1515 1926 1601 1998 aliis
1619 1945 1789 2021 nempe,
1814 1932 1861 1996 ut
1883 1925 1921 1995 in
1944 1922 2117 2006 Elaeide,
2145 1922 2211 1997 Pi-

512 2082 637 2163 pere‚
669 2054 850 2149 Fagara,
888 2049 1153 2145 Zanthoxylo
1179 2052 1251 2125 &c
1275 2051 1372 2139 adeo
1400 2060 1584 2124 tenerum
1612 2050 1651 2123 δι
1670 2049 1824 2123 friabile
1842 2049 1926 2127 est,
1966 2059 2014 2122 ut
2041 2048 2214 2122 farinoso

514 2186 746 2284 proximum
761 2178 825 2263 fit,
850 2201 925 2251 nec
946 2179 993 2250 ab
1006 2200 1058 2250 eo
1081 2175 1152 2249 nifi
1172 2177 1309 2249 colore
1322 2177 1529 2275 pallidiore
1546 2177 1586 2250 ὅ(
1608 2172 1831 2270 oleaginosa
1853 2174 2075 2250 lubricitate
2100 2175 2212 2250 diffe-

516 2319 597 2383 rat:
633 2329 758 2401 quare
789 2305 828 2378 δι
848 2306 943 2389 hoc,
963 2299 1192 2399 friabiledici
1217 2306 1376 2400 poterit.
1426 2302 1473 2375 ln
1500 2301 1612 2383 aliis,
1648 2301 1929 2399 &praesertim
1957 2305 1997 2374 in
2028 2301 2215 2375 universa

513 2434 994 2530 Tithymalorumgente,
1016 2429 1211 2523 fragile&
1228 2430 1304 2504 sebi
1325 2429 1494 2505 adinstar
1508 2428 1619 2502 rafile
1640 2426 1713 2513 est,
1743 2450 1833 2501 cum
1864 2430 2097 2502 intermixta
2118 2451 2214 2523 qua·
2242 2440 2250 2455 ·

511 2562 602 2634 dam
630 2556 956 2657 pinguinosarum
980 2554 1261 2654 particularum
1288 2557 1598 2653 transparentia:
1629 2554 1733 2627 unde
1756 2554 1833 2628 hoc
1849 2552 2026 2653 saburrum
2050 2554 2213 2628 dixeris.

512 2686 561 2758 ‘ln
577 2685 682 2767 aliis,
707 2691 755 2756 ut
773 2684 811 2754 in
824 2681 1042 2780 Hypecoo,
1067 2679 1278 2765 Lathraea,
1304 2679 1539 2780 Pittosporo
1555 2680 1626 2757 &c
1637 2680 1734 2754 casei
1759 2680 1999 2778 parmesani‚
2037 2682 2100 2752 cui
2124 2702 2215 2773 gra-

515 2812 611 2885 nula
626 2809 789 2897 duriora
809 2808 848 2881 &
867 2806 974 2901 quafi
989 2807 1158 2880 sabulosa
1179 2807 1413 2880 intermixta
1427 2806 1538 2888 funt,
1566 2804 1853 2880 confistentiam
1879 2805 2012 2897 habet,
2036 2782 2222 2881 &luridi

516 2936 584 3011 vel
604 2935 880 3027 aquen-glauci
907 2934 1055 3006 coloris
1076 2932 1153 3005 est:
1180 2931 1257 3005 hoc
1280 2934 1410 3026 itaque
1431 2930 1607 3032 caseosum.
1660 2930 1718 3005 Et
1739 2934 1884 3009 iterum
1908 2934 1948 3004 in
1969 2932 2073 3015 aliis,
2104 2943 2152 3006 ut
2176 2937 2217 3007 in

515 3061 716 3149 Lontaro,
742 3055 943 3142 Caranda,
969 3056 1230 3151 lVlangostana
1244 3060 1315 3134 &c
1337 3058 1439 3132 adeo
1461 3056 1613 3134 lentum
1631 3058 1809 3133 &tenax
1831 3056 1906 3143 est,
1933 3069 1979 3132 ut
2001 3058 2068 3132 vel
2090 3060 2217 3155 probe

515 3185 564 3259 ab
586 3206 685 3278 aqua
706 3183 947 3265 emollitum,
974 3186 1088 3257 corio
1110 3194 1244 3259 tamen
1270 3185 1392 3260 limile
1414 3197 1595 3261 maneat:
1632 3208 1757 3278 quare
1779 3184 1881 3269 hoc,
1917 3184 2104 3260 coriaceum
2125 3195 2217 3283 apte

513 3310 590 3385 dici
611 3311 770 3407 poterit.
822 3305 902 3384 Sed
922 3310 1107 3384 omnibus
1127 3310 1194 3384 his¹
1209 3311 1330 3405 longe
1353 3310 1533 3388 usitatius
1553 3311 1648 3386 illud
1671 3312 1746 3395 est,
1770 3304 1878 3406 quod
1898 3332 2056 3383 carnem
2075 3311 2216 3385 herba-

515 3460 645 3517 ceam,
672 3434 985 3528 amygdalinam,
1009 3444 1079 3507 aut
1099 3435 1281 3510 albumen
1299 3436 1396 3511 coeti
1420 3441 1487 3512 ovi
1511 3439 1712 3530 gallinacei
1735 3436 1800 3509 fua
1824 3435 2071 3510 consistentia
2090 3461 2218 3511 aemu-

517 3562 639 3645 latur,
666 3571 785 3654 atque
799 3559 946 3643 cultro,
974 3559 1186 3634 secundum
1206 3583 1348 3636 omnes
1366 3561 1606 3638 direstiones
1626 3567 1714 3661 pari
1733 3563 1917 3636 facilitate
1940 3562 2057 3635 scindi
2071 3563 2218 3660 potest,

514 3698 560 3763 et
578 3687 685 3782 quod
709 3687 757 3759 ab
776 3706 877 3779 aqua
894 3685 1077 3760 facillime
1100 3687 1326 3773 emollitur,
1356 3698 1404 3762 ut
1422 3691 1543 3764 etiam
1568 3674 1806 3784 quandoque
1831 3690 1869 3761 in
1897 3688 2109 3781 gelatinam
2136 3697 2240 3765 tre·.

517 3814 663 3891 mulam
681 3822 723 3886 et
741 3813 1130 3910 vitreo-pellucidam
1149 3814 1389 3906 resolvatur,
1414 3814 1523 3888 flenti
1543 3818 1581 3888 in
1595 3813 1874 3910 Leguminofis
1895 3825 1937 3887 et
1957 3812 2042 3886 aliis
2056 3815 2219 3907 quibus-

515 3943 606 4016 dam
626 3940 793 4015 evenire
809 3939 918 4014 solet.
968 3938 1015 4013 In
1033 3940 1109 4014 hoc
1125 3939 1322 4015 albumine
1349 3937 1608 4037 potissimum,
1634 3965 1709 4014 nec
1729 3963 1814 4015 non
1829 3946 1869 4013 in
1883 3938 2218 4034 Cotyledonibus,

514 4067 694 4153 crull-um
709 4063 805 4136 illud
822 4062 963 4139 residet
982 4066 1134 4149 oleum,
1158 4065 1306 4158 quode
1329 4063 1539 4138 feminibus
1557 4069 1826 4163 exprimitur3
1855 4067 1894 4142 &
1913 4067 1990 4141 hoc
2014 4067 2139 4164 ipsum
2163 4068 2219 4140 al-

517 4195 684 4276 bumen,
719 4194 762 4265 in
789 4189 1054 4284 Tithymalis,
1094 4192 1212 4289 plane
1241 4194 1460 4266 innocuum
1490 4190 1548 4267 est
1571 4188 1677 4289 (1.),
1711 4191 1807 4266 dum
1843 4193 2013 4287 embryo
2046 4193 2149 4291 saepe
2172 4191 2221 4266 lit

515 4319 747 4394 deleterius.

616 4498 893 4596 Cortilagineum
914 4497 1107 4595 denique,
1145 4478 1212 4575 fua
1232 4502 1309 4576 sese
1345 4500 1563 4578 manifestat
1584 4503 1728 4578 duritie
1752 4524 1915 4585 cornea,
1941 4504 1989 4577 ab
2017 4524 2120 4598 aqua
2143 4504 2221 4577 viic

518 4634 590 4703 aut
604 4650 744 4726 parum
764 4625 1018 4711 emollienda,
1044 4628 1191 4720 suoque
1206 4626 1363 4710 colore,
1392 4635 1431 4700 in
1452 4628 1664 4702 seminibus
1686 4629 1931 4713 recentibus,
1957 4628 2219 4727 sempercar-

518 4754 922 4846 tilagineo-albicante.
975 4752 1199 4827 Substantia
1231 4755 1267 4825 ei
1285 4730 1487 4850 'competit
1508 4754 1745 4839 uniformis,
1772 4779 1827 4829 ex
1852 4752 2057 4853 particulis
2079 4754 2220 4827 homo·

518 4882 680 4977 geneiS,
708 4880 1019 4975 impalpabilibus
1043 4878 1082 4950 δι
1106 4877 1380 4976 subdiaphanis
1402 4877 1590 4964 conflata,
1621 4880 1765 4974 quibus
1790 4885 1933 4977 urgens
1959 4880 2058 4957 inest
2073 4883 2137 4955 vis
2153 4902 2234 4952 co··

2015 5004 2219 5089 haelionis,

560 5107 607 5187 r.)
630 5108 765 5167 ADANS.
787 5097 859 5163 fam.
882 5097 975 5181 plant.
998 5122 1024 5164 2.
1047 5122 1075 5184 p·
1099 5117 1159 5178 354
