4852 6062
892 536 1200 566 ''¹¹¹¹''—
1823 530 1902 585 th

198 750 244 817 ut
259 743 328 818 sub
349 744 617 817 maturitatem
635 741 793 815 seminis
813 741 915 839 saepe
936 745 974 814 in
993 741 1239 817 duriffunum
1254 742 1368 817 abeat
1382 762 1547 841 corpus,
1573 742 1681 838 quod
1701 742 1902 823 Albumen

199 872 464 970 appellamus,
488 879 535 943 ut
560 869 629 943 suo
649 870 738 943 loco
762 869 921 967 plenius
947 869 1112 942 dicetur.

296 1050 461 1155 Sacrum
477 1051 728 1151 colliquamenti
749 1048 836 1147 (1.)
850 1050 945 1125 nihil
960 1052 1063 1125 aliud
1081 1049 1158 1134 est,
1185 1075 1301 1146 quam
1316 1049 1703 1127 lVlembranaAmnii
1721 1058 1906 1156 propria,

199 1181 440 1264 tenuissima,
464 1179 680 1279 pellucida,
710 1178 814 1261 alba,
838 1177 878 1251 δι
898 1177 1099 1252 manifeste
1114 1202 1168 1253 cx
1192 1179 1283 1277 ipris
1301 1180 1402 1253 vabs
1423 1181 1709 1254 umbilicalibus
1729 1205 1904 1279 progna-

199 1321 261 1384 ta:
287 1333 379 1382 nam
407 1308 563 1405 semper
580 1331 634 1380 ex
653 1308 812 1378 interno
831 1302 996 1375 funiculi
1018 1306 1248 1380 umbilicalis
1275 1306 1357 1382 fine
1377 1306 1486 1379 suum
1509 1306 1632 1379 trahit
1652 1308 1829 1392 initium,
1865 1307 1904 1380 δε

199 1439 290 1513 inde
305 1431 414 1509 resta
437 1436 504 1508 via
518 1456 592 1531 per
607 1429 748 1505 Chorii
766 1429 1014 1505 substantiam
1034 1433 1324 1530 progrediens,
1352 1434 1389 1504 iu
1411 1432 1615 1506 adversam
1635 1431 1746 1505 ovuli
1761 1435 1906 1526 migrat

189 1548 356 1663 'plagam
379 1561 565 1658 &prope
587 1555 810 1655 oppofitum
837 1560 1029 1654 parietem
1058 1581 1169 1631 coeco
1199 1559 1280 1631 fine
1305 1562 1569 1643 terminatur,
1595 1560 1649 1631 ita
1671 1568 1826 1643 tamen,
1859 1571 1906 1633 ut

200 1691 250 1764 ibi
268 1671 359 1763 cum
378 1686 664 1780 integumentis
679 1704 761 1755 non
782 1693 968 1768 connata,
994 1682 1058 1757 sed
1082 1681 1203 1755 libera
1227 1683 1390 1777 &quali
1413 1680 1611 1758 ssuibuans
1629 1683 1687 1758 stt.
1739 1683 1785 1756 ln
1806 1684 1906 1758 mul·

199 1819 253 1890 tis
265 1814 478 1890 seminibus
498 1809 585 1909 (a.)
603 1812 826 1906 reperitur,
852 1811 892 1881 in
914 1809 1099 1905 plurimis
1111 1819 1264 1893 tamen,
1289 1821 1337 1883 ut
1358 1809 1477 1884 modo
1492 1808 1656 1894 dictum,
1683 1812 1750 1887 vel
1770 1813 1910 1911 plane',

199 1943 265 2019 vel
285 1942 360 2014 hac
372 1940 508 2013 saltem
532 1937 599 2011 sub
617 1936 765 2031 forma,
792 1934 945 2019 deficit,
971 1946 1089 2028 atque
1116 1936 1274 2011 seminis
1296 1930 1526 2012 membrana
1549 1940 1708 2013 interna
1727 1934 1816 2034 ejus
1840 1962 1906 2034 ge-

201 2071 253 2141 rit
269 2069 392 2142 vices.
417 2061 634 2157 Nunquam
653 2064 692 2134 in
713 2057 964 2158 conspettum
980 2063 1119 2144 venit,
1141 2061 1212 2135 nili
1225 2062 1314 2160 post
1330 2063 1528 2162 perustam
1545 2066 1907 2152 foecundationem,

200 2203 320 2287 atque
344 2192 470 2265 statim
492 2189 539 2263 ab
564 2198 656 2261 ortu
675 2187 743 2261 suo
768 2186 954 2280 gracilem
976 2186 1116 2259 fibram
1140 2197 1210 2261 aut
1233 2189 1346 2263 filum
1373 2192 1586 2266 aemulatur
1607 2195 1717 2267 intus
1743 2215 1908 2277 cavum;

199 2318 262 2392 sed
277 2320 393 2394 brevi
409 2315 520 2415 post,
547 2315 614 2387 suai
627 2313 811 2385 umbiIIco
828 2312 1015 2408 proximi
1029 2317 1311 2399 extremitate,
1338 2319 1552 2416 inparvam
1569 2320 1784 2418 ampullam
1799 2322 1906 2392 intu-

199 2446 352 2529 mescit,
378 2443 559 2518 deorsum
580 2438 686 2534 quafi
700 2438 921 2522 caudatam,
947 2461 1038 2532 quae
1056 2436 1104 2511 de
1126 2437 1187 2513 die
1206 2442 1246 2512 in
1267 2442 1371 2518 diem
1393 2441 1544 2539 majora
1559 2449 1663 2545 capit
1677 2449 1905 2521 incremen-

199 2582 262 2656 ta,
295 2571 336 2646 &
357 2594 449 2645 cum
467 2570 537 2643 suo
562 2569 669 2639 intus
699 2573 890 2639 contento
915 2564 1091 2657 liquore,
1124 2569 1370 2665 omnes-illas
1389 2569 1489 2647 ludit
1513 2576 1670 2659 scenas,
1697 2591 1797 2667 quas
1819 2594 1905 2644 mo·

200 2698 250 2774 do
266 2698 386 2796 supra
402 2696 452 2771 de
477 2692 737 2798 Amnioxipso
758 2691 1045 2767 recensuimus,

297 2907 454 3010 Embryo
480 2910 651 3004 denique
675 2909 771 3006 ipse,
798 2905 1008 2983 effentialis
1037 2928 1132 3004 pars
1156 2910 1266 2985 ovuli
1289 2912 1599 3011 impraegnati&
1622 2921 1812 3015 princeps
1829 2913 1907 2987 foe·

199 3040 448 3115 cundatiouis
465 3058 568 3136 opus
591 3035 665 3119 est,
692 3030 928 3129 cujuscausa
948 3055 1090 3107 omnes
1110 3032 1301 3112 hatbeuus
1324 3041 1528 3117 recensitae
1548 3053 1704 3142 partes,
1729 3052 1811 3117 tam
1838 3064 1908 3114 or·

199 3170 369 3261 ganicae,
394 3187 512 3258 quam
537 3165 778 3256 inorganicae
795 3156 1031 3234 construibae
1060 3159 1099 3233 u
1122 3184 1144 3233 a
1172 3159 1328 3237 Natura
1348 3164 1554 3264 produtiae
1585 3169 1685 3244 sunt.
1735 3164 1909 3266 Semper

199 3296 237 3367 in
254 3294 322 3366 illa
337 3293 504 3385 regione
518 3288 628 3365 ovuli
654 3290 828 3386 primum
848 3289 887 3359 in
903 3283 1156 3386 conspeitum
1180 3290 1310 3373 venit,
1337 3292 1403 3365 ubi
1426 3295 1555 3369 ultimi
1578 3297 1765 3372 vasorum
1786 3294 1908 3369 umbi·

196 3420 371 3492 licalium
390 3418 512 3501 fineS,
535 3416 803 3490 membranam
823 3409 911 3507 eius
934 3417 1130 3490 internam
1158 3416 1367 3511 perforant
1391 3416 1430 3493 δι
1451 3419 1592 3493 sacculi
1610 3421 1911 3514 colliquamenti

197 3543 371 3620 velicula
393 3546 541 3628 oritur,
566 3544 797 3635 neutiquam
822 3564 925 3616 vero
953 3542 1129 3638 semper,
1154 3541 1261 3635 quod
1287 3545 1411 3640 probe
1443 3546 1686 3630 notandum,
1710 3546 1776 3620 ubi
1799 3544 1908 3618 fora·-

198 3693 291 3744 men
313 3670 486 3744 umbilici
501 3680 674 3748 externe
692 3669 730 3740 in
754 3666 850 3742 testa
875 3668 1124 3765 conspicitur.
1176 3665 1313 3741 Prima
1333 3650 1421 3763 ejus
1452 3674 1561 3744 initia
1581 3650 1743 3745 omnem
1770 3668 1909 3745 oculo·

199 3819 290 3871 rum
313 3798 436 3870 aciem
463 3794 683 3890 effugiunt,
710 3817 783 3868 nec
809 3794 932 3891 ipsum
956 3803 1115 3890 tempus
1141 3798 1218 3868 rite
1244 3791 1428 3889 affignari
1449 3795 1595 3895 potest,
1632 3795 1792 3891 quando
1820 3793 1909 3894 post

199 3919 398 4020 peractam
421 3921 778 3999 l'oecund‘atiouem,
803 3921 976 4015 prinunn
1007 3918 1315 4017 inconspectum
1334 3922 1489 4015 veniat3
1525 3925 1749 4016 generatim
1773 3931 1908 3996 tamen

201 4052 239 4122 in
263 4047 351 4122 aliis
366 4051 501 4132 citius,
526 4049 565 4122 ὅ(
588 4050 628 4120 in
650 4048 733 4121 aliis
753 4044 905 4119 tardius
928 4046 1026 4119 visui
1043 4046 1081 4121 se
1100 4044 1242 4120 offert:
1268 4051 1422 4121 namin
1448 4048 1688 4133 Heliantho,
1713 4049 1801 4148 post
1823 4060 1907 4124 ter-

199 4177 294 4248 tiam
324 4174 451 4260 diem,
472 4177 511 4246 in
532 4172 729 4265 Cucumi,
749 4172 837 4272 post
861 4175 1029 4269 primam
1058 4173 1335 4270 feptimanam,
1369 4184 1412 4248 at
1435 4177 1474 4248 in
1495 4173 1713 4261 Colchico,
1732 4158 1812 4249 non
1837 4175 1921 4249 nili¹

201 4301 289 4400 post
309 4301 463 4395 aliquot
480 4300 651 4383 menses,
677 4302 775 4377 novi
798 4299 1034 4393 embryonis
1056 4302 1165 4372 initia
1190 4299 1326 4375 vidisse
1349 4302 1444 4375 mihi
1463 4301 1615 4378 videor.
1654 4301 1906 4398 Quocunque

202 4439 335 4503 autem
354 4437 539 4525 tempore
550 4429 722 4524 primum
735 4425 1026 4516 manifestetur,
1054 4425 1091 4499 id
1107 4437 1259 4502 certum
1276 4428 1314 4504 bt
1329 4427 1677 4502 constantillimum
1700 4427 1775 4504 est:
1800 4430 1909 4523 quod

204 4550 291 4649 ejus
307 4555 438 4648 figura
453 4553 701 4647 subglobosa,
727 4547 813 4647 ejus
831 4552 1077 4628 consistentia
1099 4555 1261 4651 pulposa
1278 4553 1317 4628 ὃ(
1332 4556 1407 4629 vix
1429 4577 1509 4629 non
1522 4555 1662 4640 fluida,
1688 4566 1808 4649 atque
1820 4551 1908 4651 ejus

205 4682 317 4757 color
335 4690 382 4756 ut
395 4681 617 4781 plurimum
630 4683 776 4758 niveus
802 4678 870 4768 fita
893 4680 933 4756 δι
955 4679 1064 4777 quod
1082 4682 1121 4754 in
1138 4681 1215 4756 hoc
1239 4680 1341 4757 statu
1359 4680 1589 4758 liberrimus
1600 4679 1740 4758 Amnii
1760 4684 1908 4776 liquori

1773 4810 1907 4907 super·

248 5000 297 5082 1.)
320 5001 545 5060 Macrteu.
567 4993 588 5057 l.
610 5016 635 5058 c.
658 5018 687 5080 p.
710 5011 760 5074 72.
1172 4997 1204 5059 F.
1234 4996 1283 5074 fig.
1306 5012 1366 5070 235.
1391 5000 1454 5068 236.
1477 5012 1541 5073 237.
1571 4998 1625 5060 aa.
1653 4999 1794 5063 Gauw.
1819 4999 1911 5062 Anac

247 5116 296 5192 2.)
318 5117 421 5177 meu.
444 5109 465 5173 l
489 5133 514 5173 t.
535 5111 586 5192 fig·
608 5130 668 5186 ¹³33·
690 5116 716 5175 c
735 5145 779 5160 -
798 5113 834 5173 u..
851 5108 901 5188 liga
920 5126 984 5185 aaa
1005 5110 1038 5173 C.
1178 5111 1239 5174 tab.
1262 5125 1306 5183 aa
1331 5107 1375 5175 lla
1401 5128 1428 5191 g.
1452 5110 1482 5173 h.
1506 5113 1629 5193 optime¹
