4878 6064
541 526 658 607 xcvi
1246 528 1550 583 zm*-

541 738 618 812 fint
634 729 807 834 perfette
824 727 941 807 solida
948 754 960 816 3
984 751 1111 830 pauca
1123 752 1225 810 vero
1251 732 1342 826 alia,
1368 702 1580 806 secundum
1602 750 1723 806 axem
1745 729 1854 804 suam
1873 725 2077 826 perforata
2100 727 2241 831 depre-

542 863 786 939 hendantur:
813 867 860 934 ut
875 855 1123 944 inCanario,
1148 854 1380 942 Sebesteua‚
1407 853 1605 941 Tettona;
1631 855 1671 931 δι
1694 859 1842 931 iterum
1855 855 1952 939 alia,
1978 855 2241 930 canaliumbi·

541 988 705 1066 licalisad
725 986 829 1061 latus
849 982 1072 1084 exsculpta:
1098 993 1145 1057 ut
1169 986 1209 1057 in
1232 981 1390 1068 Pruno,
1415 980 1647 1078 Amygdalo
1666 984 1706 1061 δι
1728 979 1971 1060 Condondo:
1999 1003 2090 1076 quae
2110 991 2241 1058 autem

542 1118 705 1219 penitus
728 1113 873 1210 partita
891 1110 1001 1197 sunt,
1027 1133 1074 1185 ea
1097 1110 1324 1206 migrabunt
1344 1107 1391 1182 ad
1415 1129 1607 1207 pyrenas.
1632 1166 1635 1172 «

637 1295 790 1370 Bacca
804 1295 1025 1389 generatim
1039 1292 1181 1369 dicitur
1195 1316 1315 1369 omne
1332 1293 1597 1393 pericarpium
1611 1290 1924 1378 molliusculum,
1947 1287 2031 1365 live
2050 1292 2243 1370 succulen-

540 1433 649 1515 turn,
673 1422 756 1496 five
778 1421 990 1495 exsuccum
1009 1418 1078 1502 iit,
1102 1417 1316 1494 dummodo
1340 1441 1421 1494 non
1447 1422 1487 1492 in
1510 1419 1694 1494 valvulas
1728 1420 1937 1512 regulares
1962 1416 2147 1512 dehiscat,
2172 1441 2244 1496 nec

541 1553 703 1625 unicum
715 1547 911 1622 duntaxat
926 1547 1031 1618 intra
1052 1545 1091 1619 se
1105 1543 1261 1619 claudat
1276 1542 1499 1628 officulum,
1525 1543 1592 1619 fibi
1614 1545 1786 1618 firmiter
1800 1546 1999 1621 aduatum.
2032 1542 2112 1618 His
2125 1542 2244 1640 signis

542 1677 670 1751 baccae
692 1675 898 1747 notionem
917 1670 1234 1744 circumscribere
1253 1672 1465 1754 convenit,
1491 1691 1543 1744 ne
1567 1648 1772 1768 a'recepto
1796 1668 1985 1766 loquendi
1998 1669 2070 1743 usu
2085 1669 2244 1746 receda-

541 1821 660 1884 mus,
687 1808 756 1873 aut
774 1820 829 1872 ex
851 1818 934 1870 uno
953 1796 1087 1895 plura,
1112 1805 1263 1894 praeter
1282 1794 1567 1881 neceffitatcm,
1592 1797 1808 1871 condamus
1834 1799 2149 1898 pericarpioruru
2176 1817 2245 1890 ge-

541 1950 651 2003 nera,
701 1923 925 2018 Multiplex
942 1921 1000 1996 est
1014 1922 1220 1996 baccarum
1242 1922 1370 1996 forma
1396 1930 1516 2015 atque
1537 1919 1705 1996 fabrica:
1730 1944 1856 2016 quare
1887 1945 1958 2001 eas
1981 1924 2245 2024 dispescemus

541 2055 585 2127 in
607 2051 804 2135 Acinurn,
829 2047 1018 2132 Pomum,
1043 2047 1248 2146 Peponem
1271 2058 1392 2143 atque
1416 2047 1585 2143 Baccam
1605 2044 1776 2127 strictius
1797 2045 1949 2124 distam.

642 2255 773 2334 Acicus
806 2254 866 2331 est
897 2254 1014 2330 bacca
1045 2252 1291 2338 mollissima,
1329 2254 1582 2342 succulenta,
1620 2256 1976 2352 subtransparens,
2017 2253 2246 2331 constanter

541 2384 823 2466 unilocularis,
850 2382 1117 2456 &seminibus
1134 2380 1264 2472 duriS,
1289 2402 1371 2453 uno
1387 2391 1456 2456 aut
1469 2381 1650 2479 pluribus
1668 2381 1841 2457 referta:
1866 2381 1970 2455 utin
1985 2377 2099 2465 Vite,
2123 2378 2246 2472 Pella,

541 2510 707 2603 Rivina,
734 2507 930 2605 Rhipsali,
956 2505 1094 2591 Rubo,
1121 2504 1419 2583 Groffularia&
1437 2508 1535 2585 aliis,

639 2694 786 2769 Pomum
811 2689 1001 2767 est‘bacca
1023 2689 1248 2766 succulenta
1268 2699 1338 2765 aut
1357 2691 1533 2775 carnosa,
1559 2689 1651 2766 bi-l.
1666 2683 1979 2805 plurilocularis,
2004 2680 2121 2783 cujus
2135 2686 2246 2763 locu·

541 2818 712 2895 lamenta
735 2819 842 2891 intus
861 2816 1089 2889 membrana
1109 2812 1315 2889 chartacea
1332 2816 1396 2892 vel
1422 2814 1527 2890 oss'ea
1547 2815 1709 2900 vestita,
1734 2814 1774 2888 δι
1796 2836 1924 2911 prope
1947 2835 2067 2887 axem
2089 2810 2245 2889 fruitus

543 2948 596 3019 ita
623 2943 811 3017 collocata
830 2939 937 3024 sunt,
965 2940 1088 3015 utvel
1109 2940 1216 3013 inter
1236 2942 1272 3015 se
1290 2943 1540 3035 cohaereant,
1566 2942 1635 3019 vel
1656 2941 1755 3016 &ab
1778 2942 1949 3017 invicem
1967 2941 2145 3038 separata
2160 2940 2245 3013 lint.
2345 2996 2351 3003 .

542 3069 633 3167 His,
649 3071 806 3162 itaque,
832 3087 913 3139 non
938 3073 1096 3139 tanturn
1119 3062 1221 3160 Pyri
1240 3064 1412 3152 husius,
1443 3067 1509 3141 seu
1537 3067 1713 3165 capsulas
1734 3066 1847 3140 bacca
1867 3066 2056 3149 vestitas3
2097 3087 2246 3141 verum

543 3198 660 3271 etiam
686 3188 842 3266 fruitus
858 3188 1015 3290 Mespili
1037 3189 1077 3265 δι
1099 3188 1292 3285 Crataegi,
1319 3193 1359 3268 δι
1382 3213 1524 3268 omnes
1545 3191 1697 3266 Baccas
1725 3191 1980 3290 pyreniseras
2004 3213 2246 3266 annumera-

541 3340 653 3403 mus3
680 3319 772 3413 quia
797 3338 961 3402 omnes,
989 3315 1192 3392 manifesta
1217 3317 1377 3392 fabricae
1399 3320 1480 3394 suae
1503 3318 1799 3402 conformitate,
1841 3319 1947 3390 inter
1971 3317 2010 3390 se
2037 3316 2247 3392 cohaerent

540 3453 661 3543 atque
682 3465 764 3516 uno
785 3445 976 3517 continuo
1002 3441 1204 3516 allinitatis
1226 3445 1391 3521 vinculo
1421 3444 1490 3519 fibi
1519 3454 1660 3520 mutuo
1677 3438 1928 3539 junguntur:
1961 3466 2053 3521 nam
2069 3440 2243 3526 Sorbus,

542 3567 691 3670 Sapota
706 3568 745 3643 δι
758 3565 960 3663 Cydonia,
985 3591 1077 3664 quae
1093 3573 1257 3667 proprie
1271 3570 1438 3654 nullam,
1464 3580 1533 3645 aut
1546 3571 1623 3648 vix
1632 3569 1916 3645 discernibilem
1925 3569 2122 3668 capsulam
2139 3573 2244 3643 intra

540 3698 580 3774 se
595 3694 798 3779 claudunt,
825 3690 959 3771 tamen
991 3717 1080 3769 cum
1109 3692 1252 3791 Pyris,
1282 3716 1355 3792 per
1380 3694 1635 3789 grandinosas
1664 3698 1751 3771 illas
1780 3695 1986 3790 glandulas
2018 3696 2244 3778 cohaerent,

540 3844 632 3924 quae
661 3825 765 3895 intra
790 3822 949 3919 pulpam
973 3822 1080 3897 suam
1106 3816 1226 3916 juxta
1257 3820 1521 3898 loculamenta
1549 3798 1799 3906 nidulantur3
1840 3820 1952 3917 Pyra
1980 3822 2059 3919 ipsa
2085 3832 2242 3906 autem,

533 3953 639 4027 'vera
657 3945 781 4021 ell'ent
799 3945 986 4045 Mespila,
1012 3947 1039 4020 fi
1063 3968 1204 4020 eorum
1222 3947 1462 4044 lapidescens
1487 3948 1659 4041 bulbus,
1680 3951 1720 4021 in
1743 3943 1917 4025 distintta
1941 3948 2135 4025 seminum
2149 3970 2243 4022 con·

539 4074 742 4173 ceptacula
757 4072 958 4147 secederet
970 4097 981 4155 ;
1006 4073 1046 4149 ἃ
1060 4070 1351 4166 interCrataegi
1365 4073 1540 4157 ossicula,
1569 4072 1814 4169 aliarumque
1831 4077 2242 4173 baccarumpyrenas,

539 4199 647 4274 ultro
668 4207 778 4275 tanta
794 4197 1004 4271 intercedit
1015 4198 1226 4272 similitudo
1247 4209 1366 4292 atque
1392 4196 1581 4281 affinitas,
1608 4209 1653 4274 ut
1672 4188 1734 4273 ne'
1747 4204 1908 4278 nomine
1930 4200 2091 4296 quidem
2117 4200 2166 4275 ab
2188 4202 2243 4299 in·

539 4327 670 4402 vicem
684 4322 867 4415 distingui
882 4322 1048 4397 soleant:
1074 4322 1216 4418 Ergo,
1242 4347 1332 4397 cum
1346 4346 1487 4398 omnes
1509 4324 1565 4398 isti
1589 4322 1769 4418 frustm,
1802 4349 1857 4402 ex
1887 4330 2062 4425 partium
2083 4326 2123 4403 δι
2138 4347 2241 4425 prae·

539 4450 672 4523 sertim
689 4449 1050 4525 loculamentorum
1064 4449 1225 4523 suorum
1239 4449 1401 4532 fabrica,
1427 4448 1494 4522 fibi
1517 4450 1740 4546 fintvicini,
1767 4456 1912 4527 merito
1928 4467 2242 4549 quoqueomnes

538 4572 607 4649 sub
631 4594 714 4647 uno
733 4574 972 4668 generaliori
990 4571 1106 4647 Pomi
1126 4576 1287 4649 nomine
1307 4571 1631 4671 complectentur.
1680 4575 1833 4653 Notatu
1852 4592 2051 4678 praeterea
2080 4578 2242 4673 dignum

539 4698 618 4783 est,
645 4700 751 4793 quod
775 4724 912 4805 poma,
939 4723 994 4780 ex
1021 4700 1146 4773 altera
1175 4713 1290 4798 parte
1320 4703 1425 4773 inter
1450 4701 1626 4799 capsulas
1650 4711 1768 4797 atque
1791 4707 1949 4791 baccas,
1975 4707 2015 4780 &
2039 4730 2095 4781 ex
2119 4705 2242 4777 altera

540 4824 646 4899 inter
661 4825 736 4900 has
747 4838 865 4920 atque
877 4826 1025 4923 drupas
1042 4880 1052 4909 ,
1080 4826 1253 4900 medium
1266 4837 1429 4902 teneant
1447 4828 1597 4910 locum3
1623 4828 1778 4921 &quod
1796 4835 1832 4904 in
1848 4833 2071 4915 nonnullis,
2100 4850 2241 4904 eorum

540 4949 669 5028 mollis
693 4962 762 5029 aut
776 4953 935 5027 carnosa
947 4950 1153 5028 substantia
1170 4972 1243 5051 per
1258 4956 1529 5030 maturitatem
1554 4959 1608 5031 ita
1624 4955 1839 5043 alteretur,
1862 4968 1910 5033 ut
1930 4982 2036 5033 nunc
2057 4980 2148 5032 cum
2163 4975 2239 5052 py·
2327 5054 2329 5058 ι

2132 5096 2241 5156 rems
