<?xml version="1.0" encoding="UTF-8"?>
<!DOCTYPE html PUBLIC "-//W3C//DTD XHTML 1.0 Transitional//EN"
    "http://www.w3.org/TR/xhtml1/DTD/xhtml1-transitional.dtd">
<html xmlns="http://www.w3.org/1999/xhtml" xml:lang="en" lang="en">
 <head>
  <title>
</title>
<meta http-equiv="Content-Type" content="text/html;charset=utf-8" />
  <meta name='ocr-system' content='tesseract 3.04.00' />
  <meta name='ocr-capabilities' content='ocr_page ocr_carea ocr_par ocr_line ocrx_word'/>
</head>
<body>
  <div class='ocr_page' id='page_1' title='image "./defructibusetse00gaergoog_0195.png"; bbox 0 0 4878 6064; ppageno 0'>
   <div class='ocr_carea' id='block_1_1' title="bbox 523 380 1511 484">
    <p class='ocr_par' dir='ltr' id='par_1_1' title="bbox 523 380 1511 484">
     <span class='ocr_line' id='line_1_1' title="bbox 523 380 1511 484; baseline -0.003 -3"><span class='ocrx_word' id='word_1_1' title='bbox 523 425 694 484; x_wconf 76' lang='lat' dir='ltr'><strong>ccxxvr</strong></span> <span class='ocrx_word' id='word_1_2' title='bbox 1205 380 1511 467; x_wconf 60' lang='grc' dir='ltr'>ὲ--ιι-</span> 
     </span>
    </p>
   </div>
   <div class='ocr_carea' id='block_1_2' title="bbox 523 631 2229 1879">
    <p class='ocr_par' dir='ltr' id='par_1_2' title="bbox 523 631 2229 1879">
     <span class='ocr_line' id='line_1_2' title="bbox 525 631 2227 736; baseline 0.001 -24"><span class='ocrx_word' id='word_1_3' title='bbox 525 634 816 722; x_wconf 88' lang='lat' dir='ltr'><strong>Umbelliferae,</strong></span> <span class='ocrx_word' id='word_1_4' title='bbox 840 632 1055 711; x_wconf 89' lang='lat' dir='ltr'><strong>seminibus</strong></span> <span class='ocrx_word' id='word_1_5' title='bbox 1072 633 1282 726; x_wconf 89' lang='lat' dir='ltr'><strong>geminatis</strong></span> <span class='ocrx_word' id='word_1_6' title='bbox 1298 636 1438 711; x_wconf 88' lang='lat' dir='ltr'><strong>inferis</strong></span> <span class='ocrx_word' id='word_1_7' title='bbox 1452 631 1621 711; x_wconf 83' lang='lat' dir='ltr'><strong>inverfis</strong></span> <span class='ocrx_word' id='word_1_8' title='bbox 1639 631 1757 711; x_wconf 88' lang='lat' dir='ltr'><strong>&amp;ex</strong></span> <span class='ocrx_word' id='word_1_9' title='bbox 1778 636 1846 709; x_wconf 85' lang='lat' dir='ltr'><strong>axi</strong></span> <span class='ocrx_word' id='word_1_10' title='bbox 1872 631 2109 711; x_wconf 89' lang='lat' dir='ltr'><strong>intermedio</strong></span> <span class='ocrx_word' id='word_1_11' title='bbox 2131 657 2227 736; x_wconf 82' lang='lat' dir='ltr'><strong>pen·</strong></span> 
     </span>
     <span class='ocr_line' id='line_1_3' title="bbox 526 758 2228 855; baseline 0 -17"><span class='ocrx_word' id='word_1_12' title='bbox 526 761 728 848; x_wconf 84' lang='lat' dir='ltr'><strong>dentibus,</strong></span> <span class='ocrx_word' id='word_1_13' title='bbox 755 762 906 838; x_wconf 85' lang='lat' dir='ltr'><strong>affatim</strong></span> <span class='ocrx_word' id='word_1_14' title='bbox 926 763 973 837; x_wconf 88' lang='lat' dir='ltr'><strong>ab</strong></span> <span class='ocrx_word' id='word_1_15' title='bbox 987 758 1075 836; x_wconf 86' lang='lat' dir='ltr'><strong>aliis</strong></span> <span class='ocrx_word' id='word_1_16' title='bbox 1096 758 1309 845; x_wconf 79' lang='lat' dir='ltr'><strong>differunt3</strong></span> <span class='ocrx_word' id='word_1_17' title='bbox 1335 758 1374 837; x_wconf 74' lang='grc' dir='ltr'><strong>δι</strong></span> <span class='ocrx_word' id='word_1_18' title='bbox 1392 760 1631 855; x_wconf 84' lang='lat' dir='ltr'><strong>itadenique</strong></span> <span class='ocrx_word' id='word_1_19' title='bbox 1654 758 1883 845; x_wconf 88' lang='lat' dir='ltr'><strong>Orchideae,</strong></span> <span class='ocrx_word' id='word_1_20' title='bbox 1909 759 2228 846; x_wconf 84' lang='lat' dir='ltr'><strong>Cucurbitaceae,</strong></span> 
     </span>
     <span class='ocr_line' id='line_1_4' title="bbox 525 884 2227 988; baseline -0.003 -19"><span class='ocrx_word' id='word_1_21' title='bbox 525 889 794 988; x_wconf 80' lang='lat' dir='ltr'><strong>Asperifoliae,</strong></span> <span class='ocrx_word' id='word_1_22' title='bbox 825 884 1072 980; x_wconf 87' lang='lat' dir='ltr'><strong>Solanaceae,</strong></span> <span class='ocrx_word' id='word_1_23' title='bbox 1109 886 1357 983; x_wconf 84' lang='lat' dir='ltr'><strong>Lychnideae</strong></span> <span class='ocrx_word' id='word_1_24' title='bbox 1377 888 1416 964; x_wconf 75' lang='grc' dir='ltr'><strong>δι</strong></span> <span class='ocrx_word' id='word_1_25' title='bbox 1442 889 1551 972; x_wconf 87' lang='lat' dir='ltr'><strong>aliae,</strong></span> <span class='ocrx_word' id='word_1_26' title='bbox 1583 887 1738 986; x_wconf 86' lang='lat' dir='ltr'><strong>semper</strong></span> <span class='ocrx_word' id='word_1_27' title='bbox 1761 889 1802 961; x_wconf 90' lang='lat' dir='ltr'><strong>in</strong></span> <span class='ocrx_word' id='word_1_28' title='bbox 1838 884 1971 961; x_wconf 69' lang='lat' dir='ltr'><strong>frustu</strong></span> <span class='ocrx_word' id='word_1_29' title='bbox 2002 887 2227 964; x_wconf 86' lang='lat' dir='ltr'><strong>manifestas</strong></span> 
     </span>
     <span class='ocr_line' id='line_1_5' title="bbox 523 1011 2227 1109; baseline 0.001 -20"><span class='ocrx_word' id='word_1_30' title='bbox 523 1015 684 1090; x_wconf 83' lang='lat' dir='ltr'><strong>familiae</strong></span> <span class='ocrx_word' id='word_1_31' title='bbox 700 1016 781 1088; x_wconf 87' lang='lat' dir='ltr'><strong>luae</strong></span> <span class='ocrx_word' id='word_1_32' title='bbox 795 1024 943 1109; x_wconf 87' lang='lat' dir='ltr'><strong>gerunt</strong></span> <span class='ocrx_word' id='word_1_33' title='bbox 961 1025 1099 1099; x_wconf 88' lang='lat' dir='ltr'><strong>notas,</strong></span> <span class='ocrx_word' id='word_1_34' title='bbox 1125 1016 1269 1108; x_wconf 91' lang='lat' dir='ltr'><strong>quibus</strong></span> <span class='ocrx_word' id='word_1_35' title='bbox 1286 1036 1369 1088; x_wconf 90' lang='lat' dir='ltr'><strong>non</strong></span> <span class='ocrx_word' id='word_1_36' title='bbox 1388 1022 1544 1088; x_wconf 88' lang='lat' dir='ltr'><strong>tantum</strong></span> <span class='ocrx_word' id='word_1_37' title='bbox 1559 1011 1711 1107; x_wconf 82' lang='lat' dir='ltr'><strong>singula</strong></span> <span class='ocrx_word' id='word_1_38' title='bbox 1733 1034 1873 1087; x_wconf 88' lang='lat' dir='ltr'><strong>earum</strong></span> <span class='ocrx_word' id='word_1_39' title='bbox 1889 1015 1995 1086; x_wconf 89' lang='lat' dir='ltr'><strong>inter</strong></span> <span class='ocrx_word' id='word_1_40' title='bbox 2009 1012 2048 1087; x_wconf 84' lang='lat' dir='ltr'><strong>se</strong></span> <span class='ocrx_word' id='word_1_41' title='bbox 2059 1011 2227 1090; x_wconf 72' lang='lat' dir='ltr'><strong>nestun-</strong></span> 
     </span>
     <span class='ocr_line' id='line_1_6' title="bbox 524 1137 2229 1243; baseline -0.005 -27"><span class='ocrx_word' id='word_1_42' title='bbox 524 1150 594 1216; x_wconf 90' lang='lat' dir='ltr'><strong>tur</strong></span> <span class='ocrx_word' id='word_1_43' title='bbox 608 1163 775 1237; x_wconf 84' lang='lat' dir='ltr'><strong>genera,</strong></span> <span class='ocrx_word' id='word_1_44' title='bbox 800 1140 865 1219; x_wconf 82' lang='lat' dir='ltr'><strong>sed</strong></span> <span class='ocrx_word' id='word_1_45' title='bbox 879 1140 919 1216; x_wconf 75' lang='grc' dir='ltr'><strong>δι</strong></span> <span class='ocrx_word' id='word_1_46' title='bbox 935 1146 1104 1243; x_wconf 86' lang='lat' dir='ltr'>propior</span> <span class='ocrx_word' id='word_1_47' title='bbox 1117 1149 1186 1213; x_wconf 88' lang='lat' dir='ltr'><strong>aut</strong></span> <span class='ocrx_word' id='word_1_48' title='bbox 1203 1143 1399 1214; x_wconf 85' lang='lat' dir='ltr'><strong>remotior</strong></span> <span class='ocrx_word' id='word_1_49' title='bbox 1421 1141 1527 1216; x_wconf 89' lang='lat' dir='ltr'><strong>inter</strong></span> <span class='ocrx_word' id='word_1_50' title='bbox 1551 1140 1716 1215; x_wconf 86' lang='lat' dir='ltr'>ordines</span> <span class='ocrx_word' id='word_1_51' title='bbox 1738 1137 1917 1233; x_wconf 75' lang='lat' dir='ltr'><strong>singulos</strong></span> <span class='ocrx_word' id='word_1_52' title='bbox 1937 1137 2129 1213; x_wconf 88' lang='lat' dir='ltr'><strong>definitur</strong></span> <span class='ocrx_word' id='word_1_53' title='bbox 2156 1163 2229 1220; x_wconf 82' lang='lat' dir='ltr'><strong>ne.</strong></span> 
     </span>
     <span class='ocr_line' id='line_1_7' title="bbox 524 1262 2229 1363; baseline 0.002 -23"><span class='ocrx_word' id='word_1_54' title='bbox 524 1287 616 1342; x_wconf 89' lang='lat' dir='ltr'><strong>xus.</strong></span> <span class='ocrx_word' id='word_1_55' title='bbox 666 1265 883 1363; x_wconf 85' lang='lat' dir='ltr'><strong>Nunquam</strong></span> <span class='ocrx_word' id='word_1_56' title='bbox 904 1271 1026 1363; x_wconf 89' lang='lat' dir='ltr'><strong>igitur</strong></span> <span class='ocrx_word' id='word_1_57' title='bbox 1046 1271 1087 1342; x_wconf 91' lang='lat' dir='ltr'><strong>in</strong></span> <span class='ocrx_word' id='word_1_58' title='bbox 1108 1262 1352 1361; x_wconf 84' lang='lat' dir='ltr'><strong>dijudicanda</strong></span> <span class='ocrx_word' id='word_1_59' title='bbox 1371 1286 1564 1360; x_wconf 81' lang='lat' dir='ltr'><strong>generum</strong></span> <span class='ocrx_word' id='word_1_60' title='bbox 1588 1275 1660 1340; x_wconf 90' lang='lat' dir='ltr'><strong>aut</strong></span> <span class='ocrx_word' id='word_1_61' title='bbox 1683 1266 1919 1340; x_wconf 85' lang='lat' dir='ltr'><strong>familiarum</strong></span> <span class='ocrx_word' id='word_1_62' title='bbox 1942 1264 2133 1340; x_wconf 88' lang='lat' dir='ltr'><strong>affinitate</strong></span> <span class='ocrx_word' id='word_1_63' title='bbox 2157 1288 2229 1343; x_wconf 87' lang='lat' dir='ltr'><strong>na·</strong></span> 
     </span>
     <span class='ocr_line' id='line_1_8' title="bbox 523 1390 2229 1490; baseline -0.001 -21"><span class='ocrx_word' id='word_1_64' title='bbox 523 1394 665 1479; x_wconf 87' lang='lat' dir='ltr'><strong>turali,</strong></span> <span class='ocrx_word' id='word_1_65' title='bbox 690 1392 893 1470; x_wconf 67' lang='lat' dir='ltr'><strong>fruituum</strong></span> <span class='ocrx_word' id='word_1_66' title='bbox 917 1393 1064 1469; x_wconf 88' lang='lat' dir='ltr'><strong>fabrica</strong></span> <span class='ocrx_word' id='word_1_67' title='bbox 1076 1402 1195 1467; x_wconf 88' lang='lat' dir='ltr'><strong>extra</strong></span> <span class='ocrx_word' id='word_1_68' title='bbox 1215 1392 1356 1468; x_wconf 92' lang='lat' dir='ltr'><strong>oculos</strong></span> <span class='ocrx_word' id='word_1_69' title='bbox 1375 1390 1559 1490; x_wconf 85' lang='lat' dir='ltr'><strong>ponenda</strong></span> <span class='ocrx_word' id='word_1_70' title='bbox 1578 1391 1654 1468; x_wconf 89' lang='lat' dir='ltr'><strong>est:</strong></span> <span class='ocrx_word' id='word_1_71' title='bbox 1680 1390 1751 1467; x_wconf 82' lang='lat' dir='ltr'><strong>etii</strong></span> <span class='ocrx_word' id='word_1_72' title='bbox 1770 1394 1876 1468; x_wconf 82' lang='lat' dir='ltr'><strong>enim</strong></span> <span class='ocrx_word' id='word_1_73' title='bbox 1898 1413 1951 1468; x_wconf 87' lang='lat' dir='ltr'><strong>ex</strong></span> <span class='ocrx_word' id='word_1_74' title='bbox 1976 1413 2044 1476; x_wconf 90' lang='lat' dir='ltr'><strong>ea,</strong></span> <span class='ocrx_word' id='word_1_75' title='bbox 2064 1395 2229 1471; x_wconf 88' lang='lat' dir='ltr'><strong>univer·</strong></span> 
     </span>
     <span class='ocr_line' id='line_1_9' title="bbox 523 1516 2228 1621; baseline -0.001 -26"><span class='ocrx_word' id='word_1_76' title='bbox 523 1521 600 1596; x_wconf 87' lang='lat' dir='ltr'><strong>fale</strong></span> <span class='ocrx_word' id='word_1_77' title='bbox 625 1523 732 1595; x_wconf 87' lang='lat' dir='ltr'><strong>inter</strong></span> <span class='ocrx_word' id='word_1_78' title='bbox 750 1523 906 1621; x_wconf 85' lang='lat' dir='ltr'><strong>plantas</strong></span> <span class='ocrx_word' id='word_1_79' title='bbox 931 1517 1154 1604; x_wconf 90' lang='lat' dir='ltr'><strong>vinculum,</strong></span> <span class='ocrx_word' id='word_1_80' title='bbox 1179 1521 1247 1596; x_wconf 90' lang='lat' dir='ltr'><strong>seu</strong></span> <span class='ocrx_word' id='word_1_81' title='bbox 1266 1516 1481 1594; x_wconf 89' lang='lat' dir='ltr'><strong>methodus</strong></span> <span class='ocrx_word' id='word_1_82' title='bbox 1510 1520 1704 1595; x_wconf 87' lang='lat' dir='ltr'><strong>naturalis</strong></span> <span class='ocrx_word' id='word_1_83' title='bbox 1723 1519 1811 1594; x_wconf 85' lang='lat' dir='ltr'><strong>erui</strong></span> <span class='ocrx_word' id='word_1_84' title='bbox 1837 1538 1921 1591; x_wconf 89' lang='lat' dir='ltr'><strong>non</strong></span> <span class='ocrx_word' id='word_1_85' title='bbox 1949 1516 2083 1616; x_wconf 83' lang='lat' dir='ltr'><strong>polilt,</strong></span> <span class='ocrx_word' id='word_1_86' title='bbox 2111 1528 2228 1617; x_wconf 88' lang='lat' dir='ltr'><strong>pote-</strong></span> 
     </span>
     <span class='ocr_line' id='line_1_10' title="bbox 524 1626 2228 1745; baseline 0.002 -26"><span class='ocrx_word' id='word_1_87' title='bbox 524 1658 623 1721; x_wconf 89' lang='lat' dir='ltr'><strong>runt</strong></span> <span class='ocrx_word' id='word_1_88' title='bbox 636 1657 771 1722; x_wconf 86' lang='lat' dir='ltr'><strong>tamen</strong></span> <span class='ocrx_word' id='word_1_89' title='bbox 784 1670 840 1730; x_wconf 83' lang='lat' dir='ltr'><strong>ex</strong></span> <span class='ocrx_word' id='word_1_90' title='bbox 856 1670 901 1727; x_wconf 90' lang='lat' dir='ltr'><strong>ea</strong></span> <span class='ocrx_word' id='word_1_91' title='bbox 919 1647 1021 1726; x_wconf 85' lang='lat' dir='ltr'><strong>novi</strong></span> <span class='ocrx_word' id='word_1_92' title='bbox 1034 1626 1378 1745; x_wconf 37' lang='lat' dir='ltr'><strong>nexus&#39;partialcs</strong></span> <span class='ocrx_word' id='word_1_93' title='bbox 1397 1646 1546 1742; x_wconf 87' lang='lat' dir='ltr'><strong>detegi,</strong></span> <span class='ocrx_word' id='word_1_94' title='bbox 1571 1644 1702 1725; x_wconf 86' lang='lat' dir='ltr'><strong>vel&amp;</strong></span> <span class='ocrx_word' id='word_1_95' title='bbox 1727 1630 1883 1725; x_wconf 82' lang='lat' dir='ltr'><strong>aliunde</strong></span> <span class='ocrx_word' id='word_1_96' title='bbox 1908 1632 2057 1738; x_wconf 82' lang='lat' dir='ltr'><strong>cogniti</strong></span> <span class='ocrx_word' id='word_1_97' title='bbox 2081 1626 2228 1722; x_wconf 70' lang='lat' dir='ltr'><strong>arttius</strong></span> 
     </span>
     <span class='ocr_line' id='line_1_11' title="bbox 523 1771 674 1879; baseline 0.026 -32"><span class='ocrx_word' id='word_1_98' title='bbox 523 1771 674 1879; x_wconf 82' lang='lat' dir='ltr'><strong>stringi.</strong></span> 
     </span>
    </p>
   </div>
   <div class='ocr_carea' id='block_1_3' title="bbox 517 1967 2230 5074">
    <p class='ocr_par' dir='ltr' id='par_1_3' title="bbox 517 1967 2230 4972">
     <span class='ocr_line' id='line_1_12' title="bbox 618 1967 2228 2070; baseline -0.003 -19"><span class='ocrx_word' id='word_1_99' title='bbox 618 1968 859 2070; x_wconf 78' lang='lat' dir='ltr'><strong>:specierum</strong></span> <span class='ocrx_word' id='word_1_100' title='bbox 890 1972 1121 2059; x_wconf 84' lang='lat' dir='ltr'><strong>affinitates,</strong></span> <span class='ocrx_word' id='word_1_101' title='bbox 1152 1974 1259 2051; x_wconf 89' lang='lat' dir='ltr'><strong>unde</strong></span> <span class='ocrx_word' id='word_1_102' title='bbox 1285 1995 1433 2069; x_wconf 86' lang='lat' dir='ltr'><strong>genera</strong></span> <span class='ocrx_word' id='word_1_103' title='bbox 1456 1970 1700 2054; x_wconf 84' lang='lat' dir='ltr'><strong>formantur,</strong></span> <span class='ocrx_word' id='word_1_104' title='bbox 1733 1967 1860 2045; x_wconf 87' lang='lat' dir='ltr'><strong>adhuc</strong></span> <span class='ocrx_word' id='word_1_105' title='bbox 1887 1968 2065 2045; x_wconf 90' lang='lat' dir='ltr'><strong>curatius</strong></span> <span class='ocrx_word' id='word_1_106' title='bbox 2090 1969 2228 2046; x_wconf 87' lang='lat' dir='ltr'><strong>scruti-</strong></span> 
     </span>
     <span class='ocr_line' id='line_1_13' title="bbox 521 2094 2230 2197; baseline -0.001 -23"><span class='ocrx_word' id='word_1_107' title='bbox 521 2102 635 2174; x_wconf 86' lang='lat' dir='ltr'><strong>nium</strong></span> <span class='ocrx_word' id='word_1_108' title='bbox 649 2096 805 2179; x_wconf 74' lang='lat' dir='ltr'><strong>nunus</strong></span> <span class='ocrx_word' id='word_1_109' title='bbox 818 2104 1052 2195; x_wconf 83' lang='lat' dir='ltr'><strong>requirunt,</strong></span> <span class='ocrx_word' id='word_1_110' title='bbox 1078 2105 1171 2197; x_wconf 88' lang='lat' dir='ltr'><strong>quia</strong></span> <span class='ocrx_word' id='word_1_111' title='bbox 1185 2104 1328 2196; x_wconf 83' lang='lat' dir='ltr'><strong>ignoto</strong></span> <span class='ocrx_word' id='word_1_112' title='bbox 1343 2095 1500 2193; x_wconf 68' lang='lat' dir='ltr'><strong>liutto,</strong></span> <span class='ocrx_word' id='word_1_113' title='bbox 1526 2098 1705 2194; x_wconf 88' lang='lat' dir='ltr'><strong>generis,</strong></span> <span class='ocrx_word' id='word_1_114' title='bbox 1720 2094 2082 2191; x_wconf 84' lang='lat' dir='ltr'><strong>quomodocunque</strong></span> <span class='ocrx_word' id='word_1_115' title='bbox 2095 2109 2230 2173; x_wconf 81' lang='lat' dir='ltr'><strong>cetera</strong></span> 
     </span>
     <span class='ocr_line' id='line_1_14' title="bbox 525 2220 2228 2324; baseline -0.001 -24"><span class='ocrx_word' id='word_1_116' title='bbox 525 2224 698 2310; x_wconf 88' lang='lat' dir='ltr'><strong>definiti,</strong></span> <span class='ocrx_word' id='word_1_117' title='bbox 723 2222 926 2301; x_wconf 67' lang='lat' dir='ltr'><strong>character</strong></span> <span class='ocrx_word' id='word_1_118' title='bbox 943 2228 1209 2324; x_wconf 86' lang='lat' dir='ltr'><strong>incompletus</strong></span> <span class='ocrx_word' id='word_1_119' title='bbox 1225 2226 1270 2305; x_wconf 69' lang='lat' dir='ltr'><strong>a</strong></span> <span class='ocrx_word' id='word_1_120' title='bbox 1294 2229 1386 2303; x_wconf 83' lang='lat' dir='ltr'><strong>ueri</strong></span> <span class='ocrx_word' id='word_1_121' title='bbox 1406 2221 1496 2323; x_wconf 88' lang='lat' dir='ltr'><strong>ejus</strong></span> <span class='ocrx_word' id='word_1_122' title='bbox 1514 2225 1663 2299; x_wconf 87' lang='lat' dir='ltr'><strong>limites</strong></span> <span class='ocrx_word' id='word_1_123' title='bbox 1686 2222 1828 2297; x_wconf 82' lang='lat' dir='ltr'><strong>incerti</strong></span> <span class='ocrx_word' id='word_1_124' title='bbox 1851 2220 1952 2295; x_wconf 86' lang='lat' dir='ltr'><strong>sunt</strong></span> <span class='ocrx_word' id='word_1_125' title='bbox 2001 2221 2111 2297; x_wconf 89' lang='lat' dir='ltr'><strong>Hinc</strong></span> <span class='ocrx_word' id='word_1_126' title='bbox 2136 2225 2228 2300; x_wconf 90' lang='lat' dir='ltr'><strong>vul-</strong></span> 
     </span>
     <span class='ocr_line' id='line_1_15' title="bbox 523 2346 2230 2449; baseline 0.001 -25"><span class='ocrx_word' id='word_1_127' title='bbox 523 2371 577 2444; x_wconf 92' lang='lat' dir='ltr'><strong>go</strong></span> <span class='ocrx_word' id='word_1_128' title='bbox 594 2370 756 2444; x_wconf 91' lang='lat' dir='ltr'><strong>quoque</strong></span> <span class='ocrx_word' id='word_1_129' title='bbox 770 2349 928 2427; x_wconf 61' lang='lat' dir='ltr'><strong>fruetus</strong></span> <span class='ocrx_word' id='word_1_130' title='bbox 945 2355 1051 2429; x_wconf 87' lang='lat' dir='ltr'><strong>inter</strong></span> <span class='ocrx_word' id='word_1_131' title='bbox 1071 2353 1275 2429; x_wconf 80' lang='lat' dir='ltr'><strong>naturales</strong></span> <span class='ocrx_word' id='word_1_132' title='bbox 1295 2374 1491 2449; x_wconf 81' lang='lat' dir='ltr'><strong>generum</strong></span> <span class='ocrx_word' id='word_1_133' title='bbox 1504 2346 1757 2427; x_wconf 67' lang='lat' dir='ltr'><strong>characteres</strong></span> <span class='ocrx_word' id='word_1_134' title='bbox 1780 2347 1903 2443; x_wconf 87' lang='lat' dir='ltr'><strong>recipi</strong></span> <span class='ocrx_word' id='word_1_135' title='bbox 1924 2346 2076 2434; x_wconf 88' lang='lat' dir='ltr'><strong>solent,</strong></span> <span class='ocrx_word' id='word_1_136' title='bbox 2101 2359 2149 2424; x_wconf 93' lang='lat' dir='ltr'><strong>ut</strong></span> <span class='ocrx_word' id='word_1_137' title='bbox 2169 2359 2230 2425; x_wconf 88' lang='lat' dir='ltr'><strong>ta-</strong></span> 
     </span>
     <span class='ocr_line' id='line_1_16' title="bbox 522 2468 2229 2580; baseline -0.005 -23"><span class='ocrx_word' id='word_1_138' title='bbox 522 2498 616 2559; x_wconf 85' lang='lat' dir='ltr'><strong>men</strong></span> <span class='ocrx_word' id='word_1_139' title='bbox 634 2474 727 2550; x_wconf 88' lang='lat' dir='ltr'><strong>ssori</strong></span> <span class='ocrx_word' id='word_1_140' title='bbox 751 2477 907 2578; x_wconf 87' lang='lat' dir='ltr'><strong>semper</strong></span> <span class='ocrx_word' id='word_1_141' title='bbox 931 2483 1076 2580; x_wconf 84' lang='lat' dir='ltr'><strong>primae</strong></span> <span class='ocrx_word' id='word_1_142' title='bbox 1099 2482 1329 2556; x_wconf 78' lang='lat' dir='ltr'><strong>tribuantur</strong></span> <span class='ocrx_word' id='word_1_143' title='bbox 1348 2488 1484 2577; x_wconf 78' lang='lat' dir='ltr'><strong>partes</strong></span> <span class='ocrx_word' id='word_1_144' title='bbox 1513 2486 1633 2572; x_wconf 83' lang='lat' dir='ltr'><strong>atque</strong></span> <span class='ocrx_word' id='word_1_145' title='bbox 1660 2474 1709 2548; x_wconf 89' lang='lat' dir='ltr'><strong>de</strong></span> <span class='ocrx_word' id='word_1_146' title='bbox 1731 2482 1817 2550; x_wconf 84' lang='lat' dir='ltr'><strong>tota</strong></span> <span class='ocrx_word' id='word_1_147' title='bbox 1838 2468 2042 2549; x_wconf 73' lang='lat' dir='ltr'><strong>fructuum</strong></span> <span class='ocrx_word' id='word_1_148' title='bbox 2067 2474 2229 2550; x_wconf 87' lang='lat' dir='ltr'><strong>confor-</strong></span> 
     </span>
     <span class='ocr_line' id='line_1_17' title="bbox 521 2599 2230 2705; baseline -0.001 -28"><span class='ocrx_word' id='word_1_149' title='bbox 521 2604 698 2688; x_wconf 81' lang='lat' dir='ltr'><strong>matione</strong></span> <span class='ocrx_word' id='word_1_150' title='bbox 718 2603 818 2689; x_wconf 85' lang='lat' dir='ltr'><strong>nihil</strong></span> <span class='ocrx_word' id='word_1_151' title='bbox 836 2607 878 2681; x_wconf 91' lang='lat' dir='ltr'><strong>in</strong></span> <span class='ocrx_word' id='word_1_152' title='bbox 894 2609 1054 2683; x_wconf 87' lang='lat' dir='ltr'><strong>censum</strong></span> <span class='ocrx_word' id='word_1_153' title='bbox 1072 2610 1228 2692; x_wconf 86' lang='lat' dir='ltr'><strong>veniat,</strong></span> <span class='ocrx_word' id='word_1_154' title='bbox 1254 2614 1537 2705; x_wconf 87' lang='lat' dir='ltr'><strong>praeterquam</strong></span> <span class='ocrx_word' id='word_1_155' title='bbox 1549 2602 1765 2701; x_wconf 89' lang='lat' dir='ltr'><strong>pericarpii</strong></span> <span class='ocrx_word' id='word_1_156' title='bbox 1786 2599 1917 2677; x_wconf 84' lang='lat' dir='ltr'><strong>forma</strong></span> <span class='ocrx_word' id='word_1_157' title='bbox 1942 2609 2062 2695; x_wconf 89' lang='lat' dir='ltr'><strong>atque</strong></span> <span class='ocrx_word' id='word_1_158' title='bbox 2085 2601 2230 2676; x_wconf 87' lang='lat' dir='ltr'><strong>locula-</strong></span> 
     </span>
     <span class='ocr_line' id='line_1_18' title="bbox 522 2723 2228 2824; baseline 0.001 -20"><span class='ocrx_word' id='word_1_159' title='bbox 522 2739 777 2815; x_wconf 90' lang='lat' dir='ltr'><strong>mentorum,</strong></span> <span class='ocrx_word' id='word_1_160' title='bbox 802 2730 1060 2819; x_wconf 63' lang='lat' dir='ltr'><strong>calcularunt</strong></span> <span class='ocrx_word' id='word_1_161' title='bbox 1082 2756 1127 2807; x_wconf 90' lang='lat' dir='ltr'><strong>ac</strong></span> <span class='ocrx_word' id='word_1_162' title='bbox 1149 2733 1342 2806; x_wconf 88' lang='lat' dir='ltr'><strong>seminum</strong></span> <span class='ocrx_word' id='word_1_163' title='bbox 1365 2748 1574 2805; x_wconf 88' lang='lat' dir='ltr'><strong>numerus.</strong></span> <span class='ocrx_word' id='word_1_164' title='bbox 1624 2724 1684 2801; x_wconf 90' lang='lat' dir='ltr'><strong>Et</strong></span> <span class='ocrx_word' id='word_1_165' title='bbox 1704 2723 1864 2824; x_wconf 78' lang='lat' dir='ltr'><strong>ponunt</strong></span> <span class='ocrx_word' id='word_1_166' title='bbox 1894 2730 2012 2802; x_wconf 89' lang='lat' dir='ltr'><strong>etiam</strong></span> <span class='ocrx_word' id='word_1_167' title='bbox 2037 2748 2228 2805; x_wconf 87' lang='lat' dir='ltr'><strong>nonnun-</strong></span> 
     </span>
     <span class='ocr_line' id='line_1_19' title="bbox 518 2852 2228 2956; baseline -0.002 -23"><span class='ocrx_word' id='word_1_168' title='bbox 518 2878 643 2950; x_wconf 79' lang='lat' dir='ltr'><strong>quam</strong></span> <span class='ocrx_word' id='word_1_169' title='bbox 659 2853 757 2928; x_wconf 89' lang='lat' dir='ltr'><strong>haec</strong></span> <span class='ocrx_word' id='word_1_170' title='bbox 773 2853 956 2939; x_wconf 80' lang='lat' dir='ltr'><strong>sufficere</strong></span> <span class='ocrx_word' id='word_1_171' title='bbox 971 2856 1100 2950; x_wconf 76' lang='lat' dir='ltr'><strong>signa,</strong></span> <span class='ocrx_word' id='word_1_172' title='bbox 1124 2859 1355 2956; x_wconf 87' lang='lat' dir='ltr'><strong>praesertim</strong></span> <span class='ocrx_word' id='word_1_173' title='bbox 1370 2852 1528 2951; x_wconf 90' lang='lat' dir='ltr'><strong>quando</strong></span> <span class='ocrx_word' id='word_1_174' title='bbox 1543 2852 1592 2928; x_wconf 88' lang='lat' dir='ltr'><strong>de</strong></span> <span class='ocrx_word' id='word_1_175' title='bbox 1610 2874 1720 2929; x_wconf 91' lang='lat' dir='ltr'><strong>mera</strong></span> <span class='ocrx_word' id='word_1_176' title='bbox 1740 2852 1968 2950; x_wconf 86' lang='lat' dir='ltr'><strong>plantarum</strong></span> <span class='ocrx_word' id='word_1_177' title='bbox 1981 2857 2146 2930; x_wconf 88' lang='lat' dir='ltr'><strong>notione</strong></span> <span class='ocrx_word' id='word_1_178' title='bbox 2165 2856 2228 2930; x_wconf 91' lang='lat' dir='ltr'><strong>su·</strong></span> 
     </span>
     <span class='ocr_line' id='line_1_20' title="bbox 520 2977 2228 3080; baseline 0.001 -26"><span class='ocrx_word' id='word_1_179' title='bbox 520 2977 734 3080; x_wconf 80' lang='lat' dir='ltr'><strong>perficiali,</strong></span> <span class='ocrx_word' id='word_1_180' title='bbox 757 2980 1006 3072; x_wconf 83' lang='lat' dir='ltr'><strong>tirocinio&amp;</strong></span> <span class='ocrx_word' id='word_1_181' title='bbox 1029 2983 1258 3077; x_wconf 80' lang='lat' dir='ltr'><strong>redigendis</strong></span> <span class='ocrx_word' id='word_1_182' title='bbox 1285 2986 1326 3057; x_wconf 91' lang='lat' dir='ltr'><strong>in</strong></span> <span class='ocrx_word' id='word_1_183' title='bbox 1358 2981 1538 3056; x_wconf 88' lang='lat' dir='ltr'><strong>ordinem</strong></span> <span class='ocrx_word' id='word_1_184' title='bbox 1562 2977 1759 3053; x_wconf 85' lang='lat' dir='ltr'><strong>herbariis</strong></span> <span class='ocrx_word' id='word_1_185' title='bbox 1792 2977 1935 3063; x_wconf 85' lang='lat' dir='ltr'><strong>dicata,</strong></span> <span class='ocrx_word' id='word_1_186' title='bbox 1968 2982 2123 3073; x_wconf 68' lang='lat' dir='ltr'><strong>agiturt</strong></span> <span class='ocrx_word' id='word_1_187' title='bbox 2163 2980 2228 3057; x_wconf 88' lang='lat' dir='ltr'><strong>sed</strong></span> 
     </span>
     <span class='ocr_line' id='line_1_21' title="bbox 523 3102 2226 3203; baseline 0.001 -24"><span class='ocrx_word' id='word_1_188' title='bbox 523 3103 681 3203; x_wconf 91' lang='lat' dir='ltr'><strong>quando</strong></span> <span class='ocrx_word' id='word_1_189' title='bbox 695 3102 745 3178; x_wconf 88' lang='lat' dir='ltr'><strong>de</strong></span> <span class='ocrx_word' id='word_1_190' title='bbox 766 3107 965 3202; x_wconf 88' lang='lat' dir='ltr'><strong>penitiore</strong></span> <span class='ocrx_word' id='word_1_191' title='bbox 989 3108 1030 3183; x_wconf 74' lang='grc' dir='ltr'><strong>δι</strong></span> <span class='ocrx_word' id='word_1_192' title='bbox 1048 3109 1257 3195; x_wconf 81' lang='lat' dir='ltr'><strong>scientifica</strong></span> <span class='ocrx_word' id='word_1_193' title='bbox 1281 3130 1419 3193; x_wconf 79' lang='lat' dir='ltr'><strong>earum</strong></span> <span class='ocrx_word' id='word_1_194' title='bbox 1442 3106 1669 3200; x_wconf 86' lang='lat' dir='ltr'><strong>cognitione</strong></span> <span class='ocrx_word' id='word_1_195' title='bbox 1691 3104 1820 3179; x_wconf 88' lang='lat' dir='ltr'><strong>sermo</strong></span> <span class='ocrx_word' id='word_1_196' title='bbox 1838 3103 1911 3190; x_wconf 84' lang='lat' dir='ltr'><strong>eit,</strong></span> <span class='ocrx_word' id='word_1_197' title='bbox 1945 3127 2021 3200; x_wconf 89' lang='lat' dir='ltr'><strong>qua</strong></span> <span class='ocrx_word' id='word_1_198' title='bbox 2036 3106 2111 3181; x_wconf 82' lang='lat' dir='ltr'><strong>scil.</strong></span> <span class='ocrx_word' id='word_1_199' title='bbox 2136 3109 2226 3181; x_wconf 87' lang='lat' dir='ltr'><strong>inti·</strong></span> 
     </span>
     <span class='ocr_line' id='line_1_22' title="bbox 523 3230 2227 3332; baseline 0.001 -24"><span class='ocrx_word' id='word_1_200' title='bbox 523 3234 630 3308; x_wconf 90' lang='lat' dir='ltr'><strong>mior</strong></span> <span class='ocrx_word' id='word_1_201' title='bbox 648 3230 689 3305; x_wconf 74' lang='grc' dir='ltr'><strong>δι</strong></span> <span class='ocrx_word' id='word_1_202' title='bbox 716 3232 910 3308; x_wconf 90' lang='lat' dir='ltr'><strong>naturalis</strong></span> <span class='ocrx_word' id='word_1_203' title='bbox 932 3231 1156 3332; x_wconf 85' lang='lat' dir='ltr'><strong>plantarum</strong></span> <span class='ocrx_word' id='word_1_204' title='bbox 1180 3256 1316 3312; x_wconf 89' lang='lat' dir='ltr'><strong>nexus</strong></span> <span class='ocrx_word' id='word_1_205' title='bbox 1336 3236 1581 3316; x_wconf 89' lang='lat' dir='ltr'><strong>trutinatur,</strong></span> <span class='ocrx_word' id='word_1_206' title='bbox 1620 3231 1659 3306; x_wconf 77' lang='grc' dir='ltr'><strong>δι</strong></span> <span class='ocrx_word' id='word_1_207' title='bbox 1681 3254 1734 3305; x_wconf 88' lang='lat' dir='ltr'><strong>ex</strong></span> <span class='ocrx_word' id='word_1_208' title='bbox 1763 3234 1937 3330; x_wconf 87' lang='lat' dir='ltr'><strong>partium</strong></span> <span class='ocrx_word' id='word_1_209' title='bbox 1968 3230 2227 3310; x_wconf 82' lang='lat' dir='ltr'><strong>effentialium</strong></span> 
     </span>
     <span class='ocr_line' id='line_1_23' title="bbox 520 3342 2225 3454; baseline 0 -20"><span class='ocrx_word' id='word_1_210' title='bbox 520 3354 711 3434; x_wconf 72' lang='lat' dir='ltr'><strong>consensu</strong></span> <span class='ocrx_word' id='word_1_211' title='bbox 726 3353 883 3431; x_wconf 80' lang='lat' dir='ltr'><strong>stabiles</strong></span> <span class='ocrx_word' id='word_1_212' title='bbox 903 3350 1119 3454; x_wconf 82' lang='lat' dir='ltr'><strong>generibus</strong></span> <span class='ocrx_word' id='word_1_213' title='bbox 1140 3342 1494 3437; x_wconf 83' lang='lat' dir='ltr'><strong>circumducuntur</strong></span> <span class='ocrx_word' id='word_1_214' title='bbox 1510 3360 1681 3441; x_wconf 88' lang='lat' dir='ltr'><strong>limites;</strong></span> <span class='ocrx_word' id='word_1_215' title='bbox 1710 3367 1809 3430; x_wconf 89' lang='lat' dir='ltr'><strong>tunc</strong></span> <span class='ocrx_word' id='word_1_216' title='bbox 1828 3359 1966 3452; x_wconf 88' lang='lat' dir='ltr'><strong>utique</strong></span> <span class='ocrx_word' id='word_1_217' title='bbox 1985 3361 2123 3433; x_wconf 88' lang='lat' dir='ltr'><strong>nonin</strong></span> <span class='ocrx_word' id='word_1_218' title='bbox 2142 3360 2225 3434; x_wconf 85' lang='lat' dir='ltr'><strong>solo</strong></span> 
     </span>
     <span class='ocr_line' id='line_1_24' title="bbox 522 3481 2226 3586; baseline 0.002 -28"><span class='ocrx_word' id='word_1_219' title='bbox 522 3483 647 3570; x_wconf 83' lang='lat' dir='ltr'><strong>ilore,</strong></span> <span class='ocrx_word' id='word_1_220' title='bbox 672 3483 811 3558; x_wconf 86' lang='lat' dir='ltr'><strong>necin</strong></span> <span class='ocrx_word' id='word_1_221' title='bbox 829 3483 1098 3585; x_wconf 80' lang='lat' dir='ltr'><strong>lolapartium</strong></span> <span class='ocrx_word' id='word_1_222' title='bbox 1115 3484 1272 3563; x_wconf 75' lang='lat' dir='ltr'><strong>fructus</strong></span> <span class='ocrx_word' id='word_1_223' title='bbox 1297 3487 1505 3586; x_wconf 87' lang='lat' dir='ltr'><strong>superficie</strong></span> <span class='ocrx_word' id='word_1_224' title='bbox 1527 3493 1616 3559; x_wconf 85' lang='lat' dir='ltr'><strong>tuto</strong></span> <span class='ocrx_word' id='word_1_225' title='bbox 1648 3481 1878 3568; x_wconf 84' lang='lat' dir='ltr'><strong>subfistitur,</strong></span> <span class='ocrx_word' id='word_1_226' title='bbox 1903 3484 1968 3558; x_wconf 89' lang='lat' dir='ltr'><strong>sed</strong></span> <span class='ocrx_word' id='word_1_227' title='bbox 1991 3486 2040 3560; x_wconf 79' lang='lat' dir='ltr'><strong>ad</strong></span> <span class='ocrx_word' id='word_1_228' title='bbox 2063 3490 2226 3564; x_wconf 89' lang='lat' dir='ltr'><strong>intimos</strong></span> 
     </span>
     <span class='ocr_line' id='line_1_25' title="bbox 523 3607 2225 3713; baseline 0 -25"><span class='ocrx_word' id='word_1_229' title='bbox 523 3633 653 3708; x_wconf 89' lang='lat' dir='ltr'><strong>usque</strong></span> <span class='ocrx_word' id='word_1_230' title='bbox 681 3612 842 3689; x_wconf 90' lang='lat' dir='ltr'><strong>seminis</strong></span> <span class='ocrx_word' id='word_1_231' title='bbox 865 3614 1039 3690; x_wconf 83' lang='lat' dir='ltr'><strong>receffus</strong></span> <span class='ocrx_word' id='word_1_232' title='bbox 1060 3613 1356 3713; x_wconf 87' lang='lat' dir='ltr'><strong>procedendum</strong></span> <span class='ocrx_word' id='word_1_233' title='bbox 1382 3612 1457 3707; x_wconf 89' lang='lat' dir='ltr'><strong>est,</strong></span> <span class='ocrx_word' id='word_1_234' title='bbox 1491 3613 1591 3706; x_wconf 89' lang='lat' dir='ltr'><strong>quia</strong></span> <span class='ocrx_word' id='word_1_235' title='bbox 1616 3611 1786 3684; x_wconf 89' lang='lat' dir='ltr'><strong>internis</strong></span> <span class='ocrx_word' id='word_1_236' title='bbox 1812 3607 2015 3686; x_wconf 70' lang='lat' dir='ltr'><strong>fructuum</strong></span> <span class='ocrx_word' id='word_1_237' title='bbox 2044 3617 2225 3712; x_wconf 90' lang='lat' dir='ltr'><strong>partibus</strong></span> 
     </span>
     <span class='ocr_line' id='line_1_26' title="bbox 519 3733 2226 3832; baseline -0.001 -18"><span class='ocrx_word' id='word_1_238' title='bbox 519 3738 628 3814; x_wconf 79' lang='lat' dir='ltr'><strong>haud</strong></span> <span class='ocrx_word' id='word_1_239' title='bbox 651 3757 746 3812; x_wconf 86' lang='lat' dir='ltr'><strong>raro</strong></span> <span class='ocrx_word' id='word_1_240' title='bbox 767 3738 1098 3817; x_wconf 73' lang='lat' dir='ltr'><strong>characteristicae</strong></span> <span class='ocrx_word' id='word_1_241' title='bbox 1127 3740 1339 3814; x_wconf 83' lang='lat' dir='ltr'><strong>inhaerent</strong></span> <span class='ocrx_word' id='word_1_242' title='bbox 1360 3748 1501 3822; x_wconf 87' lang='lat' dir='ltr'><strong>notae,</strong></span> <span class='ocrx_word' id='word_1_243' title='bbox 1528 3759 1630 3832; x_wconf 87' lang='lat' dir='ltr'><strong>quae</strong></span> <span class='ocrx_word' id='word_1_244' title='bbox 1652 3733 1799 3813; x_wconf 85' lang='lat' dir='ltr'><strong>frustra</strong></span> <span class='ocrx_word' id='word_1_245' title='bbox 1829 3737 1870 3808; x_wconf 93' lang='lat' dir='ltr'><strong>in</strong></span> <span class='ocrx_word' id='word_1_246' title='bbox 1899 3741 2082 3813; x_wconf 82' lang='lat' dir='ltr'><strong>externis</strong></span> <span class='ocrx_word' id='word_1_247' title='bbox 2104 3761 2226 3832; x_wconf 90' lang='lat' dir='ltr'><strong>quae-</strong></span> 
     </span>
     <span class='ocr_line' id='line_1_27' title="bbox 518 3861 2222 3960; baseline -0.001 -21"><span class='ocrx_word' id='word_1_248' title='bbox 518 3874 689 3956; x_wconf 84' lang='lat' dir='ltr'><strong>runtur,</strong></span> <span class='ocrx_word' id='word_1_249' title='bbox 714 3883 816 3956; x_wconf 90' lang='lat' dir='ltr'><strong>quae</strong></span> <span class='ocrx_word' id='word_1_250' title='bbox 840 3865 933 3952; x_wconf 89' lang='lat' dir='ltr'><strong>has,</strong></span> <span class='ocrx_word' id='word_1_251' title='bbox 954 3868 1023 3942; x_wconf 75' lang='lat' dir='ltr'><strong>lua</strong></span> <span class='ocrx_word' id='word_1_252' title='bbox 1044 3866 1260 3942; x_wconf 85' lang='lat' dir='ltr'><strong>constantia</strong></span> <span class='ocrx_word' id='word_1_253' title='bbox 1272 3876 1393 3960; x_wconf 90' lang='lat' dir='ltr'><strong>atque</strong></span> <span class='ocrx_word' id='word_1_254' title='bbox 1414 3862 1636 3945; x_wconf 87' lang='lat' dir='ltr'><strong>euidentia,</strong></span> <span class='ocrx_word' id='word_1_255' title='bbox 1658 3861 1771 3960; x_wconf 89' lang='lat' dir='ltr'><strong>saepe</strong></span> <span class='ocrx_word' id='word_1_256' title='bbox 1793 3863 1982 3948; x_wconf 89' lang='lat' dir='ltr'><strong>vincunt,</strong></span> <span class='ocrx_word' id='word_1_257' title='bbox 2011 3862 2051 3938; x_wconf 76' lang='grc' dir='ltr'><strong>δι</strong></span> <span class='ocrx_word' id='word_1_258' title='bbox 2076 3865 2222 3958; x_wconf 78' lang='lat' dir='ltr'><strong>quibus</strong></span> 
     </span>
     <span class='ocr_line' id='line_1_28' title="bbox 520 3984 2224 4089; baseline -0.001 -25"><span class='ocrx_word' id='word_1_259' title='bbox 520 3984 714 4085; x_wconf 73' lang='lat' dir='ltr'><strong>neglestis</strong></span> <span class='ocrx_word' id='word_1_260' title='bbox 728 4000 797 4064; x_wconf 88' lang='lat' dir='ltr'><strong>aut</strong></span> <span class='ocrx_word' id='word_1_261' title='bbox 807 3992 1057 4089; x_wconf 87' lang='lat' dir='ltr'><strong>posthabitis,</strong></span> <span class='ocrx_word' id='word_1_262' title='bbox 1080 4017 1164 4069; x_wconf 88' lang='lat' dir='ltr'><strong>non</strong></span> <span class='ocrx_word' id='word_1_263' title='bbox 1178 3996 1303 4068; x_wconf 83' lang='lat' dir='ltr'><strong>solum</strong></span> <span class='ocrx_word' id='word_1_264' title='bbox 1313 4010 1511 4085; x_wconf 88' lang='lat' dir='ltr'><strong>generum</strong></span> <span class='ocrx_word' id='word_1_265' title='bbox 1525 3987 1675 4067; x_wconf 84' lang='lat' dir='ltr'><strong>limites</strong></span> <span class='ocrx_word' id='word_1_266' title='bbox 1688 3989 1840 4069; x_wconf 83' lang='lat' dir='ltr'><strong>obscuri</strong></span> <span class='ocrx_word' id='word_1_267' title='bbox 1863 3988 1903 4063; x_wconf 78' lang='lat' dir='ltr'><strong>dc</strong></span> <span class='ocrx_word' id='word_1_268' title='bbox 1920 3991 2090 4087; x_wconf 90' lang='lat' dir='ltr'><strong>precarii</strong></span> <span class='ocrx_word' id='word_1_269' title='bbox 2103 3988 2224 4082; x_wconf 87' lang='lat' dir='ltr'><strong>liunt,</strong></span> 
     </span>
     <span class='ocr_line' id='line_1_29' title="bbox 522 4109 2225 4212; baseline -0.002 -20"><span class='ocrx_word' id='word_1_270' title='bbox 522 4137 669 4192; x_wconf 86' lang='lat' dir='ltr'><strong>ver-um</strong></span> <span class='ocrx_word' id='word_1_271' title='bbox 688 4116 807 4187; x_wconf 89' lang='lat' dir='ltr'><strong>etiam</strong></span> <span class='ocrx_word' id='word_1_272' title='bbox 826 4114 941 4190; x_wconf 84' lang='lat' dir='ltr'><strong>falsae</strong></span> <span class='ocrx_word' id='word_1_273' title='bbox 954 4124 1065 4195; x_wconf 87' lang='lat' dir='ltr'><strong>veris</strong></span> <span class='ocrx_word' id='word_1_274' title='bbox 1091 4122 1366 4193; x_wconf 88' lang='lat' dir='ltr'><strong>immiscentur</strong></span> <span class='ocrx_word' id='word_1_275' title='bbox 1390 4115 1552 4212; x_wconf 88' lang='lat' dir='ltr'><strong>species.</strong></span> <span class='ocrx_word' id='word_1_276' title='bbox 1601 4113 1663 4187; x_wconf 90' lang='lat' dir='ltr'><strong>Ita</strong></span> <span class='ocrx_word' id='word_1_277' title='bbox 1682 4116 1866 4212; x_wconf 88' lang='lat' dir='ltr'><strong>inprimis</strong></span> <span class='ocrx_word' id='word_1_278' title='bbox 1881 4109 2002 4209; x_wconf 90' lang='lat' dir='ltr'><strong>juvat</strong></span> <span class='ocrx_word' id='word_1_279' title='bbox 2025 4115 2225 4189; x_wconf 86' lang='lat' dir='ltr'><strong>internam</strong></span> 
     </span>
     <span class='ocr_line' id='line_1_30' title="bbox 518 4236 2225 4339; baseline 0.001 -25"><span class='ocrx_word' id='word_1_280' title='bbox 518 4236 736 4339; x_wconf 76' lang='lat' dir='ltr'><strong>respexille</strong></span> <span class='ocrx_word' id='word_1_281' title='bbox 745 4237 951 4316; x_wconf 75' lang='lat' dir='ltr'><strong>fructuum</strong></span> <span class='ocrx_word' id='word_1_282' title='bbox 966 4242 1203 4319; x_wconf 73' lang='lat' dir='ltr'><strong>strutturam</strong></span> <span class='ocrx_word' id='word_1_283' title='bbox 1218 4246 1258 4316; x_wconf 90' lang='lat' dir='ltr'><strong>in</strong></span> <span class='ocrx_word' id='word_1_284' title='bbox 1277 4238 1502 4336; x_wconf 79' lang='lat' dir='ltr'><strong>Siliquosts,</strong></span> <span class='ocrx_word' id='word_1_285' title='bbox 1527 4260 1698 4334; x_wconf 89' lang='lat' dir='ltr'><strong>quarum</strong></span> <span class='ocrx_word' id='word_1_286' title='bbox 1709 4258 1865 4334; x_wconf 84' lang='lat' dir='ltr'><strong>genera</strong></span> <span class='ocrx_word' id='word_1_287' title='bbox 1881 4244 2009 4315; x_wconf 87' lang='lat' dir='ltr'><strong>tutius</strong></span> <span class='ocrx_word' id='word_1_288' title='bbox 2028 4265 2083 4315; x_wconf 90' lang='lat' dir='ltr'><strong>ex</strong></span> <span class='ocrx_word' id='word_1_289' title='bbox 2091 4237 2225 4315; x_wconf 71' lang='lat' dir='ltr'><strong>frustu</strong></span> 
     </span>
     <span class='ocr_line' id='line_1_31' title="bbox 521 4362 2226 4465; baseline -0.001 -24"><span class='ocrx_word' id='word_1_290' title='bbox 521 4390 641 4462; x_wconf 89' lang='lat' dir='ltr'><strong>quam</strong></span> <span class='ocrx_word' id='word_1_291' title='bbox 656 4383 719 4439; x_wconf 84' lang='lat' dir='ltr'><strong>ex&#39;</strong></span> <span class='ocrx_word' id='word_1_292' title='bbox 730 4369 969 4465; x_wconf 88' lang='lat' dir='ltr'><strong>receptaculi</strong></span> <span class='ocrx_word' id='word_1_293' title='bbox 985 4369 1182 4463; x_wconf 86' lang='lat' dir='ltr'><strong>glandulis</strong></span> <span class='ocrx_word' id='word_1_294' title='bbox 1200 4378 1270 4442; x_wconf 86' lang='lat' dir='ltr'><strong>aut</strong></span> <span class='ocrx_word' id='word_1_295' title='bbox 1286 4392 1340 4445; x_wconf 87' lang='lat' dir='ltr'><strong>ex</strong></span> <span class='ocrx_word' id='word_1_296' title='bbox 1360 4371 1497 4464; x_wconf 88' lang='lat' dir='ltr'><strong>calyce</strong></span> <span class='ocrx_word' id='word_1_297' title='bbox 1518 4362 1757 4462; x_wconf 89' lang='lat' dir='ltr'><strong>judicantur.</strong></span> <span class='ocrx_word' id='word_1_298' title='bbox 1808 4366 1854 4440; x_wconf 86' lang='lat' dir='ltr'><strong>ln</strong></span> <span class='ocrx_word' id='word_1_299' title='bbox 1874 4366 2130 4461; x_wconf 79' lang='lat' dir='ltr'><strong>Calyciiloris</strong></span> <span class='ocrx_word' id='word_1_300' title='bbox 2156 4391 2226 4465; x_wconf 90' lang='lat' dir='ltr'><strong>po·</strong></span> 
     </span>
     <span class='ocr_line' id='line_1_32' title="bbox 520 4491 2225 4591; baseline -0.002 -21"><span class='ocrx_word' id='word_1_301' title='bbox 520 4493 812 4591; x_wconf 86' lang='lat' dir='ltr'><strong>lystemonibus</strong></span> <span class='ocrx_word' id='word_1_302' title='bbox 845 4492 1035 4586; x_wconf 89' lang='lat' dir='ltr'><strong>baccatis,</strong></span> <span class='ocrx_word' id='word_1_303' title='bbox 1061 4496 1109 4570; x_wconf 91' lang='lat' dir='ltr'><strong>ad</strong></span> <span class='ocrx_word' id='word_1_304' title='bbox 1142 4498 1333 4570; x_wconf 77' lang='lat' dir='ltr'><strong>interiora</strong></span> <span class='ocrx_word' id='word_1_305' title='bbox 1360 4491 1514 4570; x_wconf 69' lang='lat' dir='ltr'><strong>fruttus</strong></span> <span class='ocrx_word' id='word_1_306' title='bbox 1552 4492 1861 4587; x_wconf 83' lang='lat' dir='ltr'><strong>confugiendum</strong></span> <span class='ocrx_word' id='word_1_307' title='bbox 1884 4491 1967 4577; x_wconf 87' lang='lat' dir='ltr'><strong>est,</strong></span> <span class='ocrx_word' id='word_1_308' title='bbox 1993 4496 2037 4567; x_wconf 93' lang='lat' dir='ltr'><strong>ni</strong></span> <span class='ocrx_word' id='word_1_309' title='bbox 2066 4492 2225 4588; x_wconf 78' lang='lat' dir='ltr'><strong>Pyrum</strong></span> 
     </span>
     <span class='ocr_line' id='line_1_33' title="bbox 521 4616 2225 4718; baseline -0.001 -23"><span class='ocrx_word' id='word_1_310' title='bbox 521 4644 611 4695; x_wconf 88' lang='lat' dir='ltr'><strong>cum</strong></span> <span class='ocrx_word' id='word_1_311' title='bbox 631 4616 801 4717; x_wconf 85' lang='lat' dir='ltr'><strong>Mespilo</strong></span> <span class='ocrx_word' id='word_1_312' title='bbox 816 4619 1016 4695; x_wconf 86' lang='lat' dir='ltr'><strong>sociare&amp;</strong></span> <span class='ocrx_word' id='word_1_313' title='bbox 1034 4621 1135 4695; x_wconf 90' lang='lat' dir='ltr'><strong>hanc</strong></span> <span class='ocrx_word' id='word_1_314' title='bbox 1153 4630 1315 4718; x_wconf 88' lang='lat' dir='ltr'><strong>praeter</strong></span> <span class='ocrx_word' id='word_1_315' title='bbox 1328 4625 1527 4696; x_wconf 88' lang='lat' dir='ltr'><strong>rationem</strong></span> <span class='ocrx_word' id='word_1_316' title='bbox 1543 4644 1570 4693; x_wconf 83' lang='lat' dir='ltr'><strong>a</strong></span> <span class='ocrx_word' id='word_1_317' title='bbox 1587 4618 1787 4714; x_wconf 90' lang='lat' dir='ltr'><strong>Crataego</strong></span> <span class='ocrx_word' id='word_1_318' title='bbox 1802 4619 2003 4717; x_wconf 84' lang='lat' dir='ltr'><strong>separare,</strong></span> <span class='ocrx_word' id='word_1_319' title='bbox 2016 4623 2058 4693; x_wconf 89' lang='lat' dir='ltr'><strong>ni</strong></span> <span class='ocrx_word' id='word_1_320' title='bbox 2074 4643 2225 4715; x_wconf 82' lang='lat' dir='ltr'><strong>genera</strong></span> 
     </span>
     <span class='ocr_line' id='line_1_34' title="bbox 521 4739 2223 4843; baseline -0.001 -22"><span class='ocrx_word' id='word_1_321' title='bbox 521 4744 679 4843; x_wconf 87' lang='lat' dir='ltr'><strong>Myrti,</strong></span> <span class='ocrx_word' id='word_1_322' title='bbox 705 4739 896 4840; x_wconf 88' lang='lat' dir='ltr'><strong>Syzygii,</strong></span> <span class='ocrx_word' id='word_1_323' title='bbox 933 4744 1236 4843; x_wconf 86' lang='lat' dir='ltr'><strong>Jambolilerae,</strong></span> <span class='ocrx_word' id='word_1_324' title='bbox 1271 4743 1492 4841; x_wconf 86' lang='lat' dir='ltr'><strong>Greggiae,</strong></span> <span class='ocrx_word' id='word_1_325' title='bbox 1529 4742 1818 4843; x_wconf 88' lang='lat' dir='ltr'><strong>Caryophylli,</strong></span> <span class='ocrx_word' id='word_1_326' title='bbox 1854 4745 2063 4841; x_wconf 88' lang='lat' dir='ltr'><strong>Eugeniae</strong></span> <span class='ocrx_word' id='word_1_327' title='bbox 2089 4745 2223 4820; x_wconf 82' lang='lat' dir='ltr'><strong>&amp;cin</strong></span> 
     </span>
     <span class='ocr_line' id='line_1_35' title="bbox 517 4869 2224 4972; baseline -0.001 -23"><span class='ocrx_word' id='word_1_328' title='bbox 517 4894 647 4953; x_wconf 88' lang='lat' dir='ltr'><strong>unum</strong></span> <span class='ocrx_word' id='word_1_329' title='bbox 665 4870 911 4959; x_wconf 84' lang='lat' dir='ltr'><strong>confundere</strong></span> <span class='ocrx_word' id='word_1_330' title='bbox 927 4873 1113 4958; x_wconf 81' lang='lat' dir='ltr'><strong>uelimus,</strong></span> <span class='ocrx_word' id='word_1_331' title='bbox 1164 4870 1299 4959; x_wconf 81' lang='lat' dir='ltr'><strong>Etiam</strong></span> <span class='ocrx_word' id='word_1_332' title='bbox 1314 4874 1354 4955; x_wconf 84' lang='lat' dir='ltr'><strong>in</strong></span> <span class='ocrx_word' id='word_1_333' title='bbox 1366 4872 1611 4960; x_wconf 87' lang='lat' dir='ltr'><strong>Portulacis,</strong></span> <span class='ocrx_word' id='word_1_334' title='bbox 1637 4869 1945 4972; x_wconf 81' lang='lat' dir='ltr'><strong>Capparidibus,</strong></span> <span class='ocrx_word' id='word_1_335' title='bbox 1963 4872 2224 4968; x_wconf 77' lang='lat' dir='ltr'><strong>Vaginalibus</strong></span> 
     </span>
    </p>

    <p class='ocr_par' dir='ltr' id='par_1_4' title="bbox 2182 4999 2222 5074">
     <span class='ocr_line' id='line_1_36' title="bbox 2182 4999 2222 5074; baseline 0 0"><span class='ocrx_word' id='word_1_336' title='bbox 2182 4999 2222 5074; x_wconf 71' lang='grc' dir='ltr'>ἃ</span> 
     </span>
    </p>
   </div>
   <div class='ocr_carea' id='block_1_4' title="bbox 0 0 2444 6064">
    <p class='ocr_par' dir='ltr' id='par_1_5' title="bbox 0 0 2444 6064">
     <span class='ocr_line' id='line_1_37' title="bbox 0 0 2444 6064; baseline 0 5"><span class='ocrx_word' id='word_1_337' title='bbox 0 0 2444 6064; x_wconf 95' lang='lat' dir='ltr'><strong> </strong></span> 
     </span>
    </p>
   </div>
  </div>
 </body>
</html>
