4852 6062
484 489 597 540 LVIII
1181 502 1492 529 ..Ι-Ι·-

485 708 599 772 tanto
619 695 801 772 solidiora
822 704 865 769 et
884 695 1064 781 duriora,
1091 699 1166 773 alia
1182 711 1340 787 autem,
1366 726 1416 776 eo
1432 700 1617 775 molliora
1636 699 1750 774 fiunt
1801 693 2067 791 Localameatu‚
2094 720 2186 792 quae

485 834 602 899 antea
623 847 747 898 merae
768 826 962 899 cavitates
984 824 1168 911 fuerunt,
1195 831 1271 905 vix
1295 828 1376 903 ulla
1399 828 1583 927 pellicula
1607 827 1907 912 discrinrinatae3
1932 848 2039 900 nunc
2061 828 2101 898 iu
2118 826 2186 899 lir-

484 954 635 1026 miores
665 950 874 1026 struuntur
900 957 1285 1039 concamerationes,
1317 956 1412 1030 dum
1445 979 1469 1029 e
1495 956 1617 1029 novis
1641 956 1825 1030 vasorum
1852 952 2038 1053 plexibus
2069 974 2184 1049 pecu-

482 1079 593 1153 liaris
617 1081 719 1153 circa
740 1102 884 1153 earum
897 1082 1079 1177 parietes,
1095 1081 1310 1179 deponitur
1332 1083 1488 1166 succus,
1528 1084 1595 1176 qui
1617 1083 1793 1179 primum
1813 1078 2099 1178 spilliusculam
2119 1103 2184 1152 re·

484 1205 565 1280 fert
593 1206 824 1299 gelatinam‚
859 1206 1111 1303 postmodum
1138 1231 1240 1283 vero
1273 1211 1314 1281 in
1346 1208 1486 1283 solidas
1513 1208 1681 1282 duratur
1711 1208 1866 1292 thecas,
1903 1228 2053 1301 easque
2078 1229 2185 1281 nunc

484 1334 828 1419 membranaceas,
867 1355 975 1407 nunc
1007 1332 1300 1429 cartilagineas,
1337 1337 1536 1429 lignosas,
1576 1334 1718 1420 osseas,
1754 1334 1948 1432 lapideas,
1985 1335 2189 1427 aliasque:

483 1462 544 1533 uti
567 1459 654 1533 haec
680 1461 839 1558 plenius
872 1484 898 1532 a
920 1459 1236 1539 Maternum
1262 1460 1371 1561 (n),
1408 1460 1744 1560 Gnuw10(2.)
1776 1471 1818 1535 et
1851 1461 2184 1535 Dunnmrcro

484 1584 572 1684 (3·)
599 1586 780 1684 exposita
802 1588 902 1664 sunt.
934 1587 1196 1687 Receptaculum
1216 1590 1388 1684 denique
1406 1591 1596 1666 seminum
1616 1611 1847 1672 commune,
1874 1589 2070 1662 notabiles
2083 1611 2184 1682 quo-

483 1734 562 1807 que
586 1713 688 1787 subit
714 1717 979 1792 mutationes:
1018 1737 1110 1790 nam
1139 1719 1178 1789 in
1202 1717 1289 1790 aliis
1314 1716 1508 1793 mollescit
1540 1725 1583 1790 et
1612 1715 1818 1809 inligniter
1845 1726 2041 1809 augetur,
2079 1717 2184 1789 utin
2261 1688 2271 1703 ⁸

484 1838 695 1933 Fragaria,
721 1838 883 1935 Ochna,¹
905 1840 1006 1915 Ficu
1029 1854 1102 1917 etc.
1130 1845 1170 1917 in
1192 1846 1279 1918 aliis
1302 1854 1464 1939 autem,
1487 1869 1542 1918 ex
1560 1844 1732 1917 molliori
1749 1853 1790 1916 et
1810 1843 2053 1924 succulento,
2079 1842 2187 1935 quod

484 1966 579 2049 fuit,
617 1964 755 2040 sensim
782 1968 830 2041 fit
852 1968 1121 2066 spongiosum,
1167 1970 1414 2055 suberosum,
1454 1974 1551 2065 quin
1579 1983 1619 2046 et
1642 1971 1837 2065 lignosum
1856 1978 1976 2064 atque
1999 1969 2192 2042 omnibus·

484 2096 565 2168 fuis
589 2093 828 2169 humoribus
852 2097 891 2168 in
915 2096 1134 2171 ovulorum
1167 2099 1419 2172 commodum
1442 2102 1639 2197 privatur.
1696 2096 1754 2171 Et
1772 2096 1824 2170 lic
1848 2119 2008 2190 quoque
2028 2093 2186 2172 Furicul'

484 2216 711 2302 terribiliorum,
766 2223 834 2314 qui
867 2224 948 2319 ipso
980 2225 1104 2296 ovulo
1141 2226 1328 2318 virgineo
1365 2225 1469 2322 saepe
1499 2225 1621 2324 duplo
1654 2223 1864 2298 cralliores
1892 2233 1941 2297 et‘
1968 2221 2192 2296 brevissimi

483 2349 595 2440 lunt,
623 2345 849 2420 constanter
864 2349 954 2445 polt-
969 2350 1306 2424 foecundationem
1323 2361 1599 2442 extenuantur
1621 2360 1664 2426 et
1688 2354 1726 2423 in
1746 2350 1803 2423 fili
1819 2351 2087 2443 gracilescunt
2100 2341 2186 2421 'for-

485 2498 608 2556 mam,
635 2494 708 2548 nec
734 2495 828 2546 raro
848 2470 965 2548 etiam
985 2475 1175 2569 inlignem
1198 2480 1237 2549 in
1262 2479 1424 2552 modum
1446 2480 1710 2574 elongantur:
1736 2482 1795 2551 uti
1811 2482 1851 2552 in
1870 2478 2011 2562 Gliuo,
2042 2474 2187 2549 Cram-
2276 2454 2288 2473 ’

483 2604 549 2683 be,
577 2598 786 2693 Maguolia
809 2610 851 2673 et
874 2602 961 2675 aliis
981 2603 1173 2678 videmus.
1227 2601 1382 2679 Omnes
1401 2615 1534 2679 autem
1560 2606 1624 2679 hae
1644 2607 1903 2693 mutationes,
1931 2603 2037 2703 quod
2059 2602 2186 2701 probe

482 2725 720 2811 notandum,
751 2750 835 2802 non
853 2729 923 2803 soli
947 2728 1250 2815 foecundationi,
1284 2732 1347 2807 led
1373 2730 1485 2807 limul
1512 2754 1672 2826 quoque
1697 2732 2185 2832 vegetationi'adscriben-

466 2854 543 2928 dae
566 2854 673 2936 sunt,
708 2856 938 2946 quiaetiam
961 2856 1112 2950 absque
1135 2858 1225 2942 ista,
1264 2861 1303 2931 in
1319 2860 1522 2934 nonnullis
1539 2857 1733 2932 fruetibus
1751 2858 1883 2932 locum
1903 2859 2070 2942 habent,
2109 2880 2187 2930 nec

481 2978 819 3055 foecundationem
840 2981 970 3079 prell'o
999 2985 1100 3082 pede
1125 2986 1404 3080 insequuntur,
1441 2986 1504 3061 sed
1519 2985 1688 3060 durante
1706 2984 1934 3080 gestationis
1951 2996 1995 3060 et
2011 2996 2186 3059 matura-

480 3108 603 3181 tionis
624 3115 818 3201 tempore⁴
838 3108 1130 3197 absolvuntur,¹
1152 3135 1276 3206 quare
1309 3116 1426 3187 etiam
1453 3112 1559 3189 redte
1591 3111 1743 3186 Dona
1760 3136 1954 3190 usurus
1980 3111 2078 3210 (4.)
2099 3137 2185 3185 mo·

481 3237 589 3337 nuit,
629 3231 796 3327 quod‘in
813 3230 951 3329 Pyro,
982 3235 1235 3333 Amygdalo‚
1275 3239 1416 3314 Pruno
1436 3249 1508 3313 etc.
1539 3249 1636 3312 tunc
1661 3238 1820 3313 demum
1848 3243 2059 3340 pericarpii
2090 3262 2185 3312 caro

481 3362 619 3454 augeri
658 3361 839 3460 incipiat,
884 3386 975 3439 cum
1000 3365 1147 3440 semina
1171 3362 1255 3462 jam
1283 3365 1441 3465 plenam
1468 3366 1554 3439 fere
1591 3365 1699 3439 suam
1730 3364 1841 3440 nadta
1869 3368 1960 3442 sunt
1990 3367 2187 3460 magnitu-

482 3487 627 3564 dinem.
877 3480 879 3483 ’

578 3695 804 3796 Praecipuae
822 3702 1417 3799 nempe*foecundationi'svires
1439 3705 1476 3776 in
1490 3703 1655 3777 evulum
1668 3705 1791 3804 ipsum
1805 3703 2054 3799 diriguntur,
2077 3704 2187 3799 quod

480 3825 528 3899 ab
552 3827 601 3899 iis
629 3828 826 3901 maximas
849 3830 1064 3926 experitur
1091 3831 1336 3903 mutationes·
1356 3838 1397 3903 et
1420 3831 1460 3903 in
1484 3853 1640 3906 novum
1668 3853 1817 3929 corpus
1843 3833 2077 3925 organicum
2096 3852 2187 3904 con·

479 3953 674 4045 vertitur,
711 3953 935 4051 epartibus
959 3955 1258 4030 continentibus
1288 3958 1552 4032 et‘contentis
1579 3957 1851 4056 compositum.
1916 3957 2186 4033 Continentes

477 4076 980 4177 parteS,.lilnr.1›1orrro
1006 4079 1112 4179 (t),
1139 4079 1340 4159 Secundinor
1357 4094 1527 4167 externa,
1554 4083 1755 4168 dicuntum
1782 4085 1898 4160 nobis
1916 4095 2048 4184 autem
2064 4107 2187 4182 gene·

477 4207 596 4281 ratim
620 4205 936 4299 Integumentorum
954 4209 1368 4306 propriorumnomine
1405 4212 1594 4292 veniunt,
1627 4219 1675 4284 et·
1693 4212 1837 4308 partim
1862 4235 1887 4285 a
1906 4210 2001 4305 fito,
2037 4215 2187 4311 partim

477 4329 763 4405 aconflstentia
786 4331 874 4416 sua,
900 4335 945 4406 in
972 4332 1104 4437 Testem
1127 4338 1368 4411 fiexti'mam
1391 4336 1548 4411 seminis
1571 4339 1775 4425 tunicam,
1803 4342 1907 4415 etin
1940 4335 2187 4420 Membranam

476 4456 665 4539 biternum,
690 4456 715 4533 s·.
744 4461 963 4556 proprium.
984 4463 1117 4538 nuclei
1142 4466 1426 4539 indumentum.
1441 4462 1728 4562 dispescunturr
1901 4441 1903 4445 ¹
2175 4469 2179 4475 ’

2083 4561 2186 4670 Testa

519 4743 564 4823 ι.)
586 4744 644 4825 op,
667 4763 750 4805 omn.
772 4760 866 4826 p...74.
888 4742 913 4815 f.
937 4753 1006 4824 246.-
1029 4770 1058 4832 p.
1072 4764 1124 4826 ῃ.
1147 4745 1178 4810 f.‘
1192 4767 1260 4824 249.
1276 4752 1324 4811 (Ξὲ.
1382 4750 1428 4831 4.)
1450 4743 1470 4809 l.
1492 4769 1518 4810 e.
1541 4770 1573 4832 p,
1596 4762 1657 4822 238.

516 4863 561 4929 2.)
586 4860 673 4918 Anat.
694 4858 733 4921 of
749 4859 857 4945 planu.
879 4878 900 4926 t.
922 4876 969 4933 80·
992 4861 1014 4924 f.
1037 4881 1109 4925 ua.
1132 4877 1150 4923 t.
1174 4875 1218 4931 82.

514 4981 557 5047 3.)
580 4974 778 5054 Naturgesrh.
807 4976 862 5039 der
892 4984 1020 5043 Baeume.
1047 4976 1116 5043 Vol.
1141 5000 1162 5042 1.
1192 5001 1222 5063 p.
1250 4996 1314 5057 243.

577 5080 645 5137 244·
668 5064 809 5149 inprimis
831 5085 860 5150 p.
876 5085 947 5139 233„

1385 4898 1429 4966 5.)
1453 4895 1510 4977 op.
1534 4913 1615 4957 omn.
1639 4915 1669 4980 p.
1691 4914 1731 4957 m.
1755 4903 1801 4972 87.
