4866 6068
935 414 1270 514 ἠθι-
1529 552 1538 565 ⁸
1905 438 1955 525 25

393 648 548 718 coriacea.
599 646 686 720 Caro
712 646 833 741 pauca,
873 665 933 741 per
952 646 1174 716 maturitatem
1196 660 1265 714 tota
1286 644 1321 714 in
1342 641 1437 714 fibras
1458 635 1630 715 secedent:
1661 641 1897 741 fibritintimis
1918 648 1955 721 in

315 758 324 781 ⁸
391 749 536 815 tunicam
555 740 771 815 loculamenti
789 744 1015 823 chartaceum,
1044 738 1283 824 tenuissimam,
1306 738 1486 838 pallidam,
1506 748 1668 812 'connatin

293 870 395 944 Rnc.
423 861 589 939 funiculus
604 867 735 952 brevis,
773 860 890 938 sendni
915 865 1071 949 adnatus,
1106 892 1124 939 e
1143 861 1249 939 fundo
1265 863 1481 937 loculamenti
1503 861 1545 936 ad
1567 863 1725 965 papillam
1749 873 1818 961 ejus
1838 865 1953 942 latera·

387 962 456 1036 lem
472 959 678 1037 adstendens.
1424 968 1428 981 ’

291 1093 394 1165 sen.
419 1080 574 1174 unicum,
598 1088 665 1163 basi
679 1087 854 1175 adnutum,
880 1078 1099 1188 sphaericum,
1126 1084 1205 1159 striis
1223 1084 1393 1186 depressit,
1418 1095 1571 1172 arcuatis,
1596 1090 1829 1175 reticulatum,
1863 1095 1950 1163 cine·

390 1212 447 1259 reo
462 1182 611 1292 luscum:
636 1186 699 1260 basr
716 1207 868 1259 notatum
884 1184 1148 1258 areaumbilicali
1162 1183 1322 1285 oblonga,
1348 1183 1617 1284 depressiuscula,
1650 1196 1683 1263 dt
1698 1185 1793 1290 supra
1807 1192 1894 1262 hanc
1913 1194 1951 1264 in

387 1283 510 1369 latere,
534 1284 654 1384 papilla
671 1289 808 1384 exigua,
832 1285 1054 1374 embryonem
1069 1283 1254 1381 obtegente.

289 1417 385 1484 lun.
410 1407 568 1508 srmplex',
593 1408 812 1494 crustaceum,
836 1402 1013 1480 introrsum
1034 1405 1232 1505 processibus
1255 1408 1415 1491 anetum,
1440 1437 1459 1481 a
1478 1409 1598 1482 nucleo
1612 1437 1682 1483 non
1697 1406 1843 1484 solubile.

286 1542 386 1610 Anu.
416 1534 684 1634 cartilagincnm,
714 1539 937 1618 ruminatum,
969 1559 1011 1606 ex
1030 1530 1105 1605 albo
1121 1540 1155 1608 d(
1171 1528 1361 1632 ferrugineo
1377 1540 1521 1618 varium,
1553 1540 1589 1606 in
1610 1534 1726 1609 medio
1745 1534 1945 1638 plerumque

391 1637 526 1705 cavitate
543 1627 725 1732 compressa
739 1628 953 1730 exsculptum.

285 1762 396 1834 Ena.
419 1783 555 1858 parvus,
579 1762 730 1853 conicns,
755 1754 861 1830 lacteo
873 1755 1034 1845 albicans,
1058 1754 1289 1840 horizontalis,
1313 1762 1350 1834 in
1366 1755 1467 1830 latere
1478 1750 1609 1833 seminis
1627 1757 1740 1837 medio
1760 1762 1893 1837 haerent.

376 2098 427 2167 a.)
445 2097 532 2153 Bacca
543 2095 664 2167 integra,
682 2096 778 2153 mediae
796 2082 1002 2163 magnitudinis.
1063 2095 1111 2162 b.)
1130 2090 1251 2153 Eadem,
1279 2106 1327 2161 per
1342 2091 1525 2147 maturitatem
1539 2092 1631 2164 sponte
1644 2093 1672 2149 in
1693 2094 1775 2152 fibrae
1795 2097 1943 2159 dehiscent.

376 2190 425 2257 c.)
443 2188 573 2257 Ejusdem
593 2189 670 2244 settin
692 2188 915 2257 longitudinalis,
933 2203 994 2240 cum
1009 2185 1107 2239 semine
1124 2186 1153 2238 in
1173 2184 1223 2238 srtu
1242 2184 1368 2238 naturali.
1417 2185 1466 2255 d.)
1481 2185 1580 2239 Semeu
1594 2188 1748 2251 inversum,
1777 2205 1869 2243 arcam
1884 2207 1944 2245 nm-

375 2281 509 2337 biiicaienr
523 2280 662 2337 exhibens.
710 2283 753 2351 e.)
773 2277 1084 2335 Albumenverticaiiter
1101 2277 1208 2337 ledum.
1257 2275 1298 2346 f.)
1317 2275 1558 2345 Embtyordslitna
1577 2279 1606 2335 dr
1628 2280 1786 2350 magmenta
1799 2282 1945 2341 mtntalis.

376 2373 428 2442 1³.)
442 2374 521 2430 Idem
533 2374 636 2429 solutus
650 2374 678 2429 dt
696 2371 796 2429 austun.

229 2464 454 2590 nutam
472 2509 611 2615 ,arnna
635 2514 713 2590 nra.

309 2645 359 2749 *E
385 2637 515 2715 colledl.
539 2635 619 2714 sem.
643 2643 731 2714 hort.
757 2636 870 2738 lugdb.

351 2772 452 2845 Bacca
480 2761 631 2864 sphaerica
656 2769 742 2863 (a),
773 2760 912 2864 superne
937 2769 972 2837 in
1000 2769 1128 2864 apicem
1148 2764 1384 2841 brevissimum
1405 2763 1585 2868 produdia,
1626 2762 1854 2867 magnitudine
1872 2765 1937 2842 Pili
1992 2789 1997 2798 ·

376 2867 583 2937 communic
633 2870 757 2939 Cortex
768 2868 902 2947 tenuis,
938 2862 1139 2949 crullaceus,
1171 2858 1220 2934 fra
1244 2863 1312 2949 ilis,
1342 2871 1377 2937 in
1400 2864 1529 2940 vetussis
1554 2859 1713 2937 smdlibus
1737 2862 1868 2964 plerum
1893 2890 1935 2936 ue

375 2955 398 3035 s
436 2981 492 3034 nte
511 2955 691 3038 abscedens.
740 2968 828 3037 Caro
848 2955 983 3043 fibrosa,
1008 2954 1142 3033 inferne
1173 2889 1242 3032 uas
1255 2967 1290 3032 in
1308 2961 1535 3061 pedunculum
1563 2961 1617 3052 (b.
1634 2968 1668 3037 B.
1689 2964 1734 3054 c)
1755 2893 1935 3061 produda:

371 2986 465 3132 stiria
484 3084 554 3131 non
569 3053 827 3144 dehiscentibus,
849 3054 906 3151 sed
921 3055 1053 3156 rigidis,
1079 2986 1203 3141 crassis,
1229 3077 1321 3130 extus
1334 3066 1370 3132 in
1384 3059 1471 3132 striae
1491 3057 1747 3157 longitudinales
1767 3057 1936 3143 elevatas,

375 3160 466 3229 intus
481 3181 560 3230 vero
580 3160 618 3227 in
637 3162 785 3229 tunicam
797 3154 1013 3228 loculamenti
1031 3160 1196 3256 propriam
1219 3157 1314 3248 (c),
1339 3156 1562 3239 crullaceam,
1600 3155 1814 3255 laevigatam,
1852 3151 1934 3231 satu·

372 3272 442 3325 rate
463 3253 667 3338 cassaneam,
693 3250 994 3330 confermminatis.
1043 3259 1165 3326 Seu-ren
1191 3254 1314 3345 (cd.)
1338 3250 1591 3353 subglobosnm,
1639 3252 1736 3326 allide
1755 3248 1933 3339 lucescens,

373 3348 450 3423 laxo
471 3350 620 3423 liniarum
641 3351 782 3425 reticulo
809 3350 1020 3448 inscriptum,
1048 3344 1152 3423 fovea
1164 3349 1377 3436 umbilicali,
1389 3357 1425 3422 in
1441 3349 1552 3424 media
1572 3279 1638 3424 basi
1657 3349 1744 3445 (d),
1778 3370 1875 3451 atque
1889 3377 1933 3426 ex

376 3473 431 3532 ea,
456 3444 547 3521 sulco
565 3447 605 3519 ad
621 3449 814 3540 embryonis
832 3444 942 3523 sedem
963 3441 1179 3519 adscendente
1199 3452 1261 3541 (c)
1286 3468 1464 3522 exaratum.
1520 3455 1590 3521 inte
1675 3466 1792 3521 entum
1810 3468 1933 3536 tenue,

287 3588 291 3593 -
373 3545 689 3629 membranaceum,
713 3542 860 3619 solubile.
906 3542 1083 3635 Albumcn
1102 3549 1158 3639 (e.
1174 3549 1237 3637 E.)
1267 3545 1538 3644 cartilagineum,
1563 3545 1694 3629 alum,
1726 3570 1830 3643 prope
1893 3552 1933 3617 ri·

374 3645 523 3739 pheriam
539 3667 641 3741 parce
654 3648 868 3714 ruminatum.
909 3639 1061 3730 Embryo
1091 3641 1139 3734 (i.
1155 3642 1218 3729 1⁷.)
1244 3647 1337 3714 tereti
1352 3659 1555 3739 attenuatus,
1580 3639 1813 3727 horizontalis,
1835 3572 1930 3716 sicud

246 3832 249 3835 Ι
376 3737 431 3811 dio
451 3734 575 3812 semine
594 3730 774 3811 transverso
794 3737 895 3837 paulo
917 3734 1060 3832 longior.

349 3858 428 3937 Obs.
449 3858 571 3938 Differt
594 3870 695 3938 Eune
749 3864 793 3935 ab
807 3871 929 3947 Areca,
961 3860 1056 3936 srcuti
1074 3865 1193 3938 namin
1213 3891 1232 3936 a
1255 3869 1392 3957 Cocco,
1424 3858 1486 3933 {itu
1501 3886 1625 3960 nempe
1640 3842 1834 3956 embryonis
1853 3863 1930 3939 late·

376 3960 446 4035 rali.
495 3967 604 4035 Etiam
624 3966 662 4063 in
694 3959 815 4061 pudicis
837 3955 966 4049 forma,
997 3965 1112 4061 ingens
1128 3964 1274 4036 invenies
1297 3954 1488 4055 discrimen,
1516 3955 1543 4032 si
1567 3964 1833 4037 leoninum
1857 3962 1882 4044 l.
1898 3989 1930 4037 c.

326 4138 331 4145 ,
372 4053 545 4131 consulere
567 4056 657 4133 velit.

324 4328 1142 4419 m.'0HAMAER1PHns.P0nm.
1171 4337 1448 4439 chamaerops.
1471 4333 1601 4414 Lrnn.
1622 4362 1702 4436 gen.
1730 4362 1821 4453 carp.
1875 4354 1878 4359 ‘
1942 4336 1944 4339 ’

324 4546 439 4623 Floret
459 4547 696 4648 androgyni&
716 4542 872 4635 masculi,
902 4555 1046 4624 nuncin
1069 4575 1141 4624 uno
1161 4554 1353 4645 commum,
1387 4575 1476 4623 nunc
1494 4546 1631 4624 masculi
1653 4545 1714 4624 soli
1728 4553 1764 4621 in
1784 4545 1928 4649 separato

368 4646 512 4719 caudice.
562 4649 682 4745 spatha
698 4643 907 4732 universalis,
931 4647 1040 4722 bifida
1090 4647 1198 4741 Calyx
1218 4655 1363 4751 utrisque
1376 4648 1606 4747 hexaphyllut.
1656 4645 1794 4724 Corolia
1810 4645 1929 4720 andro

367 4753 465 4914 gynis
485 4743 650 4842 tripetala‚
685 4745 799 4838 calyce
815 4744 957 4845 longior.
1008 4752 1110 4821 Stam.
1130 4741 1184 4819 sex
1201 4744 1242 4819 ad
1264 4771 1400 4819 novem.
1448 4752 1558 4825 Bacca
1571 4764 1654 4832 tree,
1677 4742 1822 4846 superae,
1857 4748 1929 4820 uni·

384 4840 542 4917 oculares.
593 4842 764 4920 albunea
781 4849 997 4920 murinarum.
1043 4845 1197 4937 Embryo
1211 4843 1359 4921 lateralia.

1051 4995 1092 5077 D
1827 4996 1929 5071 enas
