4878 6064
917 521 1239 581 m·
1762 522 1922 585 cxxvu

217 800 224 809 ,
353 711 553 819 plumascu,
579 715 741 792 fabricae
758 717 837 795 suae
858 721 1056 818 elegantia
1087 742 1233 799 omnes
1249 722 1430 818 reliquos
1454 727 1681 805 antecellit:
1705 729 1804 807 radii
1830 730 1921 830 ejus

410 845 501 921 suut
521 846 589 922 vel
608 845 765 932 setacer,
791 850 860 926 vel
885 848 1079 950 paleaoei,
1107 847 1292 925 laterales
1316 861 1450 926 autem
1470 855 1620 948 crines,
1644 855 1801 956 semper
1826 861 1920 939 sunt

411 974 620 1072 capillares
633 982 676 1048 et
694 974 898 1051 radiorum
926 976 1086 1051 suorum
1107 974 1274 1056 crassitie
1294 977 1520 1073 longiores,
1545 981 1614 1055 vel
1632 981 1768 1058 saltem
1790 987 1921 1064 eidem

410 1101 596 1197 aequales.
646 1099 818 1200 Dispesci
833 1102 962 1200 potest
978 1105 1017 1176 in
1031 1102 1253 1199 plumosum
1272 1101 1404 1183 stricte
1423 1103 1475 1179 fic
1498 1103 1661 1191 dilium,
1687 1105 1803 1206 cujus
1821 1115 1922 1191 radii

419 1254 442 1304 a
470 1226 547 1303 basi
569 1226 618 1301 ad
641 1230 792 1326 apicem
811 1251 941 1324 usque
961 1228 1139 1303 crinibus
1161 1225 1338 1305 instrudii
1354 1230 1463 1304 sunto
1488 1233 1529 1306 iu
1554 1229 1702 1319 Girsu,
1737 1232 1922 1327 Carlina,

410 1348 665 1433 Scorzonera
689 1362 762 1428 etc.
789 1364 834 1429 et
860 1356 900 1429 in
924 1351 1184 1454 priorissarum,
1220 1349 1335 1450 cujus
1357 1356 1455 1463 radii
1488 1358 1643 1435 inferne
1674 1362 1922 1443 nudiusculi.

410 1480 553 1558 versus
573 1480 722 1577 apicem
741 1480 917 1558 crinibus
944 1481 1082 1559 sensim
1102 1481 1355 1577 longioribus
1374 1490 1592 1561 emantur:
1617 1486 1659 1559 in
1677 1485 1918 1587 Argyroco-

410 1632 493 1693 me,
519 1600 786 1704 Antennaria,
815 1604 965 1689 stoebe.
1606 1612 1609 1618 ’

358 1757 512 1844 sanatus,
539 1761 713 1836 omnium
732 1761 1207 1858 infrequentissimusest,
1233 1773 1274 1839 el:
1300 1765 1452 1849 insola,
1487 1742 1595 1859 quod
1625 1766 1762 1863 sciam,
1803 1766 1921 1846 Cine.

410 1889 516 1960 raria
539 1883 665 1982 glauca
689 1893 883 1974 occurrit,
915 1892 956 1965 in
983 1911 1063 1984 qua
1085 1891 1160 1965 scil.
1184 1892 1341 1966 seminis
1367 1899 1543 1977 vertex,
1575 1892 1725 1968 annulo
1747 1895 1837 1969 albo
1865 1921 1920 1970 ex

411 2010 636 2090 breviffima
653 2025 696 2091 et
722 2013 939 2092 denfiffima
963 2016 1054 2090 lana
1079 2017 1277 2101 formato,
1309 2029 1524 2094 coronatus
1551 2019 1620 2096 est,
1666 2018 1760 2096 Non
1783 2029 1921 2097 autem

413 2140 490 2215 huc
511 2142 616 2215 trahi
639 2142 754 2217 debet
780 2143 973 2216 seminum
1002 2141 1206 2218 Gorteriae
1229 2144 1270 2218 dr
1294 2141 1595 2221 Tarchonanthi
1621 2146 1731 2231 lana,
1771 2151 1920 2247 quippe

414 2289 505 2361 quae
526 2291 608 2342 non
631 2288 814 2368 pappus,
834 2268 899 2343 sed
918 2267 1031 2344 testae
1050 2269 1170 2369 ipfius
1184 2278 1411 2343 tomentum
1425 2270 1496 2345 est,

313 2474 565 2577 Composrtus
579 2480 750 2574 denique
763 2501 939 2580 pappus,
965 2490 1012 2556 ut
1034 2482 1150 2579 supra
1171 2479 1341 2567 didlum,
1364 2478 1516 2582 duplex
1543 2479 1627 2567 est,
1649 2481 1917 2559 &commode

196 2613 251 2686 in
270 2604 489 2684 dissimilem
499 2616 620 2701 atque
635 2608 877 2701 gemmatum
895 2606 1142 2706 dispesciturt
1633 2614 1635 2617 ’

362 2787 539 2895 oiffimids,
566 2792 606 2863 in
623 2812 706 2864 uno
722 2790 945 2886 eodemque
964 2791 1111 2867 semine
1129 2791 1264 2910 radios
1291 2792 1411 2867 habet
1428 2789 1558 2867 sormi
1578 2799 1648 2865 aut
1664 2789 1916 2886 longitudine

412 2918 549 2994 saltem
569 2918 674 2991 inter
687 2917 727 2991 se
740 2917 1019 3016 discrepantes,
1067 2919 1126 2993 Ita
1141 2920 1306 3019 Tolpis,
1335 2923 1375 2993 in
1397 2918 1609 2993 seminibus
1626 2917 1919 3003 exterioribus

415 3046 548 3119 radios
564 3045 665 3118 duos
683 3044 890 3142 capillares
907 3046 1160 3145 praelongos,
1185 3048 1365 3142 reliquos
1393 3054 1528 3120 autem
1549 3044 1796 3120 brevissimos
1817 3046 1917 3120 &in

416 3173 636 3265 marginem
651 3170 900 3244 crenulatum
918 3170 1159 3247 coadunatos
1182 3176 1297 3268 gerit.
1347 3170 1588 3267 Hyoseridis
1610 3180 1742 3248 autem
1771 3172 1918 3247 semina

415 3297 521 3381 disci,
546 3298 723 3391 quinque
747 3297 865 3372 radiis
894 3298 1167 3392 longioribus,
1211 3308 1361 3398 praeter
1388 3299 1586 3397 plurimos
1620 3298 1833 3375 breviores
1857 3301 1923 3373 in·-

416 3422 559 3500 strusta
574 3423 674 3497 sunt.
724 3421 781 3497 Et
800 3426 852 3499 ita
874 3447 1035 3519 quoque
1057 3426 1097 3497 in
1121 3420 1314 3501 Zazintha
1335 3426 1375 3501 ὅ(
1398 3426 1524 3501 variis
1542 3421 1673 3519 cyani
1695 3422 1917 3521 speciebus,

417 3549 590 3623 aliiradii
613 3546 839 3648 simpliciter
858 3551 1014 3636 setacei,
1039 3548 1106 3624 alii
1122 3562 1255 3628 autem
1281 3561 1424 3647 argute
1451 3551 1678 3627 denticulati
1702 3550 1831 3625 vel&
1850 3574 1917 3650 pe·

413 3677 577 3751 nicillati
591 3679 863 3775 reperiunpur.
916 3676 1121 3753 Interdum
1143 3674 1332 3754 diffimilis
1353 3688 1473 3774 atque
1490 3669 1687 3751 difformis
1704 3696 1859 3774 pappus
1875 3679 1916 3749 in

415 3824 498 3877 uno
512 3803 731 3896 eodemque
742 3798 868 3886 flore,
893 3813 934 3877 at
956 3805 995 3876 in
1015 3802 1225 3879 seminibus
1245 3800 1432 3889 diversis,
1452 3804 1585 3877 locum
1609 3802 1778 3876 liabent:
1808 3803 1915 3874 utin

260 3945 269 3959 '
408 3929 529 4006 modo
557 3926 656 4006 diua
678 3922 847 4028 Tolpide
868 3938 988 4024 atque
1002 3928 1247 4027 Hyoferide3

360 4114 577 4211 geminatus,
601 4137 658 4189 ex
678 4112 833 4188 duobus
855 4114 998 4211 puppis
1023 4109 1287 4210 simplicibus,
1313 4109 1444 4207 specie
1464 4106 1647 4204 diversis,
1673 4108 1914 4208 compositus

416 4241 488 4326 est,
518 4240 555 4314 ὅ(
575 4238 753 4334 quidem:
779 4246 830 4318 ια.
850 4265 905 4315 ex
925 4239 1147 4335 calyculato
1162 4238 1448 4336 monophyllo,
1474 4242 1701 4320 exteriore,
1727 4246 1914 4330 atqueex
1971 4280 1973 4285 ·

414 4369 606 4466 capillari,
639 4370 847 4444 interiore:
875 4369 913 4439 in
940 4362 1145 4442 Pulicaria.
1186 4369 1244 4435 2⁰.
1271 4388 1325 4439 ex
1351 4362 1573 4459 calycul'ato
1598 4374 1716 4457 atque
1739 4364 1913 4462 spinoso:

418 4498 457 4567 iu
478 4492 602 4570 Cnico
617 4492 811 4575 denedidor
836 4494 944 4586 813⁰.
965 4516 1022 4568 ex
1041 4493 1263 4586 marginato
1278 4499 1397 4586 atque
1417 4489 1622 4588 plumoso:
1646 4484 1870 4566 inCarlina,

311 4704 459 4782 Coma
488 4709 715 4805 proximam
737 4702 860 4781 habet
877 4703 1108 4779 affinitatem
1129 4726 1219 4778 cum
1238 4724 1398 4801 puppo,
1418 4724 1508 4778 nam
1527 4701 1695 4798 perinde
1712 4711 1757 4774 ut
1774 4700 1839 4773 ille
1856 4721 1913 4773 ex

203 4833 324 4936 pilis,
357 4835 427 4908 soli
451 4835 640 4909 seminum
669 4834 813 4911 vertici
837 4830 1027 4927 impositis
1050 4831 1089 4905 b(
1114 4834 1152 4905 in
1178 4818 1401 4904 fasciculum
1423 4826 1620 4912 coneilio,
1653 4827 1825 4901 formata
1844 4826 1912 4902 est,

204 4960 293 5037 Sed
319 4985 433 5034 coma
455 4962 537 5036 ida
559 4983 690 5060 pappo
712 4982 813 5037 vero
839 4958 969 5045 distat,
995 4960 1102 5055 quod
1121 4958 1188 5058 pili
1210 4958 1404 5050 originem
1425 4956 1532 5030 suam
1552 4976 1635 5029 non
1652 4977 1674 5031 e
1689 4956 1824 5050 calyce
1836 4951 1915 5065 slo-¹

1853 5098 1911 5150 ns
