4852 6062
544 504 655 555 LXIV
1249 514 1553 541 ..Ι-...-

542 715 714 788 tbinacei
740 715 909 808 liquoris
932 710 1106 787 discrafia
1134 715 1257 800 latet,
1292 713 1449 810 quando
1481 714 1634 805 reliqua
1657 713 1790 785 omnia
1803 712 1881 785 rite
1908 712 2156 787 conformata
2174 714 2245 791 else

549 843 750 919 videntur.
800 841 989 933 Denique
1004 840 1043 913 δι
1057 845 1369 925 nutrimentum,
1401 843 1466 913 sua
1483 838 1734 921 abundantia,
1760 837 1826 914 vel
1844 838 1963 912 &suo
1981 838 2154 925 desecta,
2182 842 2248 916 soe·

545 970 775 1042 cundationi
795 965 997 1063 saepissime
1020 967 1161 1040 officit:
1189 969 1279 1043 inde
1306 971 1434 1042 crebri
1458 967 1534 1049 illi,
1560 989 1615 1039 ex
1635 967 1801 1059 largiori
1824 966 1994 1063 pabulo,
2024 967 2187 1042 abortus
2211 971 2248 1041 in

547 1092 759 1184 Bulbofis‚
785 1090 989 1184 Liliaceis,
1015 1088 1318 1178 Scitaminibus,
1343 1095 1509 1188 aliisque
1534 1094 1679 1190 plantis
1705 1092 1960 1175 succulentis;
1987 1091 2076 1169 inde
2089 1093 2248 1193 Epime-

549 1220 657 1295 dium
682 1219 867 1292 foecunda
884 1241 965 1291 non
987 1219 1144 1315 profert
1166 1222 1333 1305 semina,
1359 1221 1454 1305 nisi,
1481 1228 1671 1294 monente
1703 1217 2122 1292 Tounurroarm
2146 1218 2248 1316 (r),

546 1346 646 1429 olla,
672 1353 920 1428 coerceatur3
947 1343 985 1417 ὃ(
1002 1344 1091 1418 inde
1113 1348 1279 1420 uberior
1298 1347 1337 1421 δι
1352 1348 1500 1419 certior
1515 1346 1684 1419 habetur
1697 1341 1871 1436 fruitus,
1895 1343 2094 1419 fiarboris
2116 1365 2249 1420 ramus
2387 1354 2396 1373 ‘

547 1471 683 1545 ferreo
698 1470 766 1543 filo
782 1470 1015 1564 stringatur,
1043 1483 1111 1545 aut
1125 1477 1161 1545 in
1172 1476 1319 1546 cortice
1332 1473 1543 1547 fiatincisio
1557 1473 1876 1564 annularis(2.):
1900 1468 2105 1545 Adefectu
2120 1482 2250 1545 autem

548 1599 782 1670 nutrimenti
803 1597 907 1671 haud
925 1599 1058 1671 minus
1079 1622 1238 1693 quoque
1262 1603 1403 1695 crebro
1426 1603 1696 1701 proficiscitur
1720 1598 1964 1673 soecundatio
1995 1595 2250 1695 incompleta:

549 1745 642 1796 nam
661 1722 915 1818 frequentius
935 1725 1033 1797 nihil
1052 1724 1127 1806 est,
1154 1748 1269 1819 quam
1286 1729 1393 1822 quod
1406 1750 1531 1801 unum
1546 1728 1735 1810 ovillum,
1758 1725 1924 1818 reliquis
1945 1726 2058 1799 suum
2075 1724 2254 1798 detrahat

549 1852 860 1933 nutrimentum,
887 1848 1059 1944 suosque
1072 1872 1212 1924 omnes
1226 1850 1571 1930 suffocet&elidat
1584 1852 1750 1936 fratres,
1776 1854 1834 1925 uti
1846 1851 1883 1925 id
1902 1853 2023 1926 variis
2036 1851 2254 1948 exemplis,

551 1976 757 2075 superiore
781 1977 926 2073 capite,
947 1971 1029 2069 jam
1053 1977 1307 2055 ostendimus.
1360 1977 1455 2054 Non
1479 1982 1609 2074 itaque
1632 1982 1796 2062 mirum,
1826 1977 1931 2073 quod
1957 1986 2035 2051 tam
2064 1977 2255 2071 frequens

553 2099 811 2177 infractibus
837 2109 1020 2175 occurrat
1046 2102 1290 2176 soecundatio
1319 2106 1581 2203 incompleta,
1612 2107 1726 2199 quin,
1753 2107 1791 2177 in
1820 2105 1958 2177 multis
1983 2100 2150 2200 plantis,
2177 2122 2257 2174 non

551 2228 625 2301 alia
640 2251 758 2323 quam
773 2231 860 2303 haec
874 2231 951 2327 ipsa
973 2231 1103 2303 locum
1119 2228 1264 2302 habere
1280 2229 1386 2328 polle
1400 2234 1577 2307 videtur:
1605 2254 1695 2341 pam
1710 2226 1851 2305 Sitodii
1868 2227 2040 2313 fruitus,
2065 2229 2133 2302 sua
2147 2227 2256 2301 nullo

552 2354 671 2427 modo
695 2352 835 2453 capere
860 2356 985 2456 posset
1003 2359 1165 2431 semina,
1192 2353 1219 2425 fi
1241 2361 1374 2431 omnia
1393 2353 1480 2452 ejus
1501 2356 1769 2433 adolescerent
1796 2354 1932 2439 ovula3
1959 2356 1998 2429 &
2022 2358 2075 2427 ita
2098 2373 2258 2448 quoque

552 2482 594 2553 in
610 2479 792 2574 Quercu,
819 2481 1032 2565 Castanea,
1059 2479 1260 2564 Fraxino‚
1287 2481 1578 2568 Metrosidero,
1605 2482 1737 2557 Cocco
1750 2483 1820 2557 &c
1841 2482 1905 2557 vel
1918 2480 2029 2555 aliam
2045 2477 2258 2560 fruttibus,

552 2607 622 2681 vel
641 2607 852 2682 seminibus
869 2610 1002 2706 aliam,
1029 2606 1183 2682 Natura
1201 2608 1397 2707 impertiri
1413 2609 1600 2685 debuisset
1614 2610 1802 2694 sormam,
1828 2609 1856 2683 sl
1882 2608 2069 2683 foecunda
2084 2607 2172 2680 fleri
2187 2629 2260 2678 vo·

553 2731 683 2807 luisset
700 2732 880 2830 stirpium
905 2736 1062 2807 illarum
1084 2733 1362 2808 ovulaomnia.
1412 2737 1583 2833 Reliqua
1598 2740 1753 2813 leviora
1779 2739 1829 2809 im
1851 2824 1852 2827 Ἴ
1886 2735 2058 2809 dimenta
2081 2733 2260 2812 silemus,

554 2868 673 2951 atque
688 2880 795 2931 nunc
816 2859 862 2933 ad
885 2863 1120 2956 proximum
1144 2860 1450 2937 foecundationis
1468 2861 1673 2949 effectum,
1699 2886 1819 2963 nemp
1927 2857 2102 2936 frustum
2120 2859 2260 2958 ipsum.

554 2980 755 3081 hujusque
777 2987 1077 3081 generaliorem¹
1092 2984 1383 3101 expobtionem
1405 2989 1699 3086 progredimur.
1883 2968 1888 2979 ¹

1213 3249 1476 3361 CAPVT
1511 3257 1599 3361 IV.

1362 3446 1458 3525 DE

1081 3593 1344 3678 FRVCTV
1368 3605 1441 3682 IN
1470 3598 1735 3678 GENERE.

558 3903 679 4039 Solae
697 3957 853 4053 quidem
871 3959 985 4036 floris
1004 3969 1142 4061 partes
1156 3962 1357 4053 femineae,
1383 3959 1590 4058 postquam
1608 3984 1630 4035 a
1645 3957 1801 4060 peralta
1816 3958 2111 4033 soecundatione
2123 3952 2268 4053 justam

559 4088 666 4160 suam
690 4086 858 4160 sormam
882 4098 1002 4180 atque
1027 4093 1294 4164 maturitatem
1310 4089 1465 4184 adeptae
1490 4089 1598 4181 sunt,
1629 4086 1774 4165 Fruilus
1792 4089 1955 4161 nomine
1982 4084 2158 4179 infigniri
2187 4101 2267 4156 me-

559 4223 728 4297 rentur3
754 4212 817 4287 sed
841 4215 1022 4308 vulgaris
1043 4214 1126 4289 sert
1139 4214 1399 4296 consuetudo,
1424 4223 1473 4286 ut
1489 4215 1525 4288 id
1545 4236 1706 4310 quoque
1721 4215 1895 4286 nominis
1917 4211 2076 4283 cuilibet
2092 4210 2269 4307 partium

497 4340 502 4346 ’
560 4341 838 4432 organicarum
855 4344 1062 4438 apparatui
1076 4342 1295 4425 tribuatur,
1322 4342 1389 4433 qul
1413 4343 1453 4411 in
1474 4340 1589 4415 floris
1610 4344 1740 4414 locum
1759 4336 1949 4427 succedit,
1975 4335 2194 4409 dummodo
2208 4328 2270 4403 ille

560 4468 719 4540 seminis
734 4467 887 4539 tutandi
906 4469 976 4542 vel
996 4467 1204 4541 sustinendi
1221 4468 1367 4541 causaa
1383 4464 1535 4539 Natura
1551 4463 1770 4564 produttus
1789 4464 1850 4556 fit,
1880 4474 1998 4556 atque
2017 4473 2157 4559 partes
2184 4454 2270 4554 ejus

561 4593 773 4669 notabilem
793 4592 988 4690 quandam
1007 4595 1151 4687 figurae
1172 4606 1241 4668 aut
1260 4590 1520 4666 consistentiae
1544 4592 1624 4666 suae
1644 4594 1903 4666 mutationem
1927 4587 2187 4664 adolescendo
2210 4584 2270 4658 su·

476 4782 488 4793 ,
561 4723 717 4796 bierint.
767 4721 825 4795 Ita
842 4723 880 4794 in
897 4718 1071 4795 fructum
1089 4723 1197 4794 abire
1215 4720 1424 4793 dicuntur:

2002 4819 2060 4886 10.
2085 4805 2271 4884 Braiteae

605 5007 652 5087 ι.)
676 5005 739 5069 aa.
762 5002 830 5084 gall.
853 4954 933 5081 1705,
956 5002 1027 5066 edit.
1051 5022 1143 5082 germ.
1168 5021 1197 5085 p.
1221 5018 1281 5077 543.
1474 5001 1524 5081 2.)
1547 5003 1754 5065 MAGNOL.
1781 5002 1836 5063 aa.
1866 4998 1935 5079 gall.
1966 5015 2048 5077 1709.
2075 4993 2147 5058 edit.
2179 5008 2272 5073 germ.

984 5101 986 5106 ’
1410 5162 1413 5167 ,
1541 5109 1569 5170 p.
1593 5105 1654 5164 554·
