4852 6062
903 510 1218 592 ‘'-·—·-''-—··'·—-=‚
1828 528 1917 607 xm

204 743 298 799 oum
317 722 455 796 t'amen
477 722 604 797 variae
615 717 765 796 ‘dentur
786 715 952 816 plantae,
976 721 1086 801 omni
1108 718 1341 813 genitalium
1359 718 1503 794 umbra
1522 716 1685 818 penitus
1704 719 1747 796 ·&
1763 723 1803 794 in
1822 743 1916 821 per·

209 862 379 951 petrum
400 847 606 925 deltimtae.
658 845 715 920 Ut
732 847 855 940 igitur
877 846 1012 942 spuria·
1030 847 1099 922 ista
1116 849 1278 932 semina,
1299 869 1381 947 pro
1403 843 1569 940 instituti
1588 846 1714 923 nostri
1732 848 1917 947 scopo‚a
2037 867 2039 871 ·

214 980 402 1071 genuinis
422 983 738 1057 removeantur3
763 973 941 1071 plantas,
968 976 1111 1067 quibus
1131 976 1347 1065 inhaerent,
1373 994 1481 1046 nunc
1502 974 1684 1051 breviter
1704 997 1917 1072 percurre·

213 1126 325 1189 mus,
352 1125 572 1198 earumque
591 1113 727 1200 partes
742 1102 1061 1201 propagationis,
1086 1101 1299 1175 secundum
1320 1101 1514 1199 principia
1531 1099 1648 1198 supra
1666 1099 1852 1185 stabilita,
1877 1102 1919 1177 dr
1975 1179 1979 1189 ,

211 1241 407 1325 quantum
427 1254 503 1329 per
525 1228 823 1305 observationes
843 1236 964 1321 atque
994 1229 1274 1325 experimenta
1297 1227 1400 1300 circa
1416 1226 1504 1301 illas
1527 1222 1728 1327 haetenus„
1743 1214 1919 1302 instituta

210 1359 362 1450 licebit,
388 1357 436 1431 ad
458 1358 651 1431 trutinam
668 1352 968 1445 revocabimus,
991 1374 1091 1448 quo,
1118 1353 1188 1431 vel
1211 1360 1341 1426 totum
1363 1352 1527 1445 genuini
1546 1352 1705 1427 seminis
1723 1328 1918 1431 acervum

211 1508 234 1559 a
266 1486 494 1582 peregrinis
534 1482 773 1579 corporibus
809 1479 987 1557 sistamus
1018 1500 1192 1579 purum,
1242 1479 1312 1555 vel
1338 1475 1471 1552 saltem
1513 1480 1689 1553 monitos
1728 1480 1918 1557 faciamus

212 1607 331 1692 alios,
365 1609 433 1684 ubi
454 1608 605 1685 nodum
621 1606 711 1707 ipli,
725 1606 796 1717 'ob
818 1608 1195 1709 experimentorum
1218 1602 1435 1694 defestum,
1471 1607 1634 1713 penitus
1655 1605 1812 1684 solvere
1832 1629 1917 1683 non

211 1738 449 1833 poterimus.
833 1748 835 1753 ’

308 1951 423 2029 Inter
444 1971 569 2053 puras
589 1954 747 2053 plantas
769 1950 1083 2053 gemmiparasl
1112 1949 1337 2045 asexuales,
1379 1948 1514 2048 Frugi,
1553 1952 1731 2051 primum
1761 1955 1919 2027 meren·

213 2087 281 2157 tur
299 2082 447 2157 locum.
492 2073 599 2154 Sunt
614 2081 814 2174 equidem,
841 2083 909 2175 qui
926 2103 1015 2155 cum
1029 2077 1260 2155 Mrcnano
1279 2075 1345 2176 (1)
1358 2100 1458 2154 vera
1472 2080 1531 2152 eis
1546 2077 1724 2154 tribuant
1738 2077 1920 2177 stamina,
2008 2126 2021 2137 ··

210 2208 304 2282 sunt
320 2209 460 2289 etiam,
486 2207 669 2299 quicum
695 2205 934 2284 Haowmro
957 2203 1041 2304 (a.)
1064 2204 1277 2280 reticulum
1305 2205 1443 2280 volvae
1467 2228 1543 2303 pro
1569 2206 1741 2281 masculo
1764 2225 1919 2299 organo

210 2332 386 2407 habeant
396 2358 408 2416 3
433 2330 472 2406 ἃ
487 2331 578 2406 sunt
596 2331 766 2428 denique
781 2335 850 2428 qui
865 2356 956 2408 cum
974 2331 1303 2407 Kournauruno
1321 2327 1388 2428 (3)
1410 2330 1459 2406 ad
1472 2330 1695 2407 abscondita
1709 2334 1814 2415 intra
1830 2354 1920 2408 cor·

210 2461 332 2534 tieem
348 2459 442 2536 vasa
465 2457 697 2556 spermatica
709 2458 951 2553 confugiant
1002 2454 1082 2533 Sed
1103 2457 1267 2532 stamina
1288 2459 1328 2529 in
1346 2456 1482 2551 fungis
1498 2460 1643 2535 frustra
1662 2463 1810 2557 quaeri,
1837 2481 1922 2534 cer·

210 2596 319 2670 tum,
348 2583 388 2658 dc
404 2608 427 2659 a
442 2580 713 2662 somam
727 2585 802 2685 (4)
824 2584 1137 2660 demonstratum
1154 2582 1228 2667 est3
1254 2579 1484 2660 Reticulum
1497 2596 1631 2662 autem
1645 2609 1720 2663 nec
1735 2587 1922 2661 omnibus

212 2721 469 2810 competere,
504 2734 580 2787 nec
612 2735 703 2787 eum
735 2711 915 2806 granulis
942 2712 1070 2786 ullum
1101 2711 1247 2785 habere
1276 2707 1385 2807 poss'e
1410 2714 1711 2809 commercium,
1748 2713 1923 2789 ocularis

213 2837 431 2934 quemlibet
452 2838 568 2914 docet
589 2836 794 2938 inspedti03
830 2838 869 2914 ἃ
888 2839 1057 2913 mascula
1080 2838 1251 2930 denique
1279 2836 1443 2909 corticis
1464 2835 1613 2932 officia,
1653 2848 1699 2915 ut
1724 2841 1816 2916 satis
1831 2842 1924 2917 sunt

212 2967 417 3065 precaria,
442 2968 495 3038 ita
514 2986 677 3060 quoque
703 2966 743 3037 in
759 2965 897 3038 multis
920 2964 1059 3063 aperte
1078 2963 1215 3037 sorent
1231 2959 1465 3036 frustranea.
1515 2960 1574 3037 Et
1588 2956 1810 3044 frustranea
1831 2968 1923 3045 sane

213 3094 348 3167 omnis
371 3112 531 3187 quoque
550 3089 623 3163 alia
643 3089 902 3193 foecundandi·
914 3093 1016 3165 ratio
1042 3086 1234 3165 censenda
1249 3087 1325 3171 est,
1352 3107 1604 3185 quaecunque
1621 3090 1757 3189 fungis
1771 3097 1923 3172 tribue-

213 3227 301 3304 tur,
328 3216 647 3312 quandoquidem
669 3238 752 3290 non
775 3240 830 3291 ex
853 3218 965 3293 veris
985 3216 1212 3297 seminibuS,
1243 3211 1308 3287 sed
1327 3235 1381 3286 ex
1407 3216 1531 3291 meris
1555 3223 1725 3311 gemmis
1747 3222 1924 3301 soboles-

216 3354 317 3419 cant.
367 3340 472 3418 Nam
498 3342 700 3433 venditata
719 3364 795 3442 pro
842 3343 1056 3417 seminibus
1088 3340 1273 3435 granula,
1306 3362 1362 3413 ex
1390 3341 1470 3438 ipsa
1511 3340 1730 3440 fungorum
1752 3349 1926 3425 medulla

218 3472 428 3553 oriuntur,
468 3490 523 3543 ex
556 3469 637 3543 lolo
671 3468 883 3543 cortice&
908 3465 1079 3541 medulla
1111 3475 1429 3565 componuntur,
1465 3489 1530 3552 ac,
1563 3471 1671 3564 quod
1703 3484 1821 3573 caput
1849 3475 1925 3563 est,

217 3597 299 3695 ipso
334 3595 430 3670 solis
462 3594 631 3687 gemmis
667 3597 789 3691 privo
815 3593 935 3668 modo
974 3594 1244 3669 evolvuntur:
1285 3592 1379 3669 dum
1414 3593 1489 3667 scil.
1515 3596 1820 3676 manifestiffime
1848 3624 1925 3677 no-

216 3744 312 3798 vam
337 3719 551 3797 radiculam
573 3721 600 3795 l.
621 3722 813 3797 nutritios
832 3719 1018 3803 tubulos,
1044 3742 1100 3793 ex
1120 3722 1397 3813 integumento
1418 3721 1491 3796 suo
1521 3727 1691 3823 proprio
1720 3727 1927 3806 derivatos

215 3848 305 3948 (r),
330 3849 538 3943 eidemque
559 3849 792 3929 continuos,
827 3847 897 3922 sub
928 3846 1219 3940 germinatione
1246 3856 1465 3943 promunt,
1511 3869 1557 3919 ac
1576 3855 1661 3922 tota
1684 3846 1751 3924 sua
1772 3852 1928 3949 reliqua

218 3997 432 4074 compage,
465 3972 647 4067 aequabili
671 3974 848 4047 omnium
869 3974 1043 4071 partium
1070 3956 1337 4058 incremento,
1372 3974 1412 4044 in
1435 3969 1606 4046 formam
1631 3977 1826 4054 matribus
1847 3980 1928 4057 suis

218 4100 454 4177 fimillimam
470 4098 683 4176 seruntur:
708 4096 816 4172 unde
830 4098 1046 4173 meridiano
1060 4096 1141 4171 sole
1155 4098 1319 4186 clarius,
1345 4096 1452 4195 quod
1464 4097 1632 4195 granula
1646 4100 1733 4189 ista,
1758 4101 1806 4179 de
1823 4130 1929 4185 vero

1085 4224 1113 4299 b
1135 4245 1155 4315 3
1196 4212 1200 4219 ’
1777 4228 1927 4308 semine

310 4446 351 4531 a.)
371 4448 447 4509 Gen.
472 4461 548 4507 noe..
564 4462 595 4528 p.
618 4458 676 4520 117.
699 4456 720 4505 t.
735 4446 781 4517 ἀς.
796 4437 819 4505 f.
833 4444 865 4508 C.
880 4442 914 4510 C.
957 4445 1057 4506 Glal-
1133 4442 1181 4523 4.)
1204 4437 1378 4523 Vorl'luffig.
1395 4441 1546 4508 Beobaeb.
1563 4463 1593 4528 p.
1608 4458 1651 4521 ιγ.
1693 4445 1835 4513 mars.
1857 4446 1931 4521 sm,

374 4575 484 4624 cusu.
499 4558 635 4636 Anhang.
651 4573 680 4641 p‘
698 4571 804 4635 8.t.4
818 4553 882 4622 f.6.
896 4577 926 4645 7.
1203 4576 1226 4619 1.
1247 4578 1277 4641 p.
1296 4570 1365 4627 282.

306 4718 352 4800 a)
376 4719 546 4778 commen.
582 4709 650 4796 lips.
678 4710 746 4776 Vol.
780 4714 914 4779 xxvnl·
941 4735 972 4804 p.
995 4720 1058 4782 160.

373 4828 909 4917 Ksuususcbwaem.pmfat,p,4
997 4900 1002 4907 ι
1135 4780 1182 4862 5⁰)
1200 4780 1312 4841 “¹⁰³¹
1336 4796 1406 4859 Μ’
1426 4794 1449 4843 l·
1467 4794 1513 4859 73·
1535 4794 1586 4856 74·
1608 4788 1654 4849 80·
1673 4786 1717 4851 83·
1771 4782 1927 4849 Souara.

1206 4890 1387 4957 Girhtschw.
1411 4908 1433 4958 t.
1454 4916 1478 4960 1.
1493 4897 1597 4985 'fang
1613 4894 1716 4964 bavar.
1734 4906 1757 4957 t.
1776 4903 1841 4975 196.
1863 4916 1927 4977 ¹97·

300 5002 342 5084 3.)
363 5000 520 5071 Entdeckt.
535 5000 694 5070 sehunna
706 5017 815 5098 92'125.
1208 5018 1266 5086 192.
1294 5010 1351 5072 dcc.
