4878 6064
914 509 1236 561 ·π
1830 496 1942 553 XCIX

239 715 323 788 dica
335 706 553 810 operculum
578 711 668 785 aliae
688 709 885 784 foramine
910 713 948 782 in
970 713 1081 808 apice
1101 713 1355 808 aperiuntur,
1390 716 1437 784 ut
1461 707 1677 794 Berberis3
1703 709 1745 786 δι
1771 709 1942 807 denique

238 842 383 918 iterum
399 838 506 922 aliae,
532 859 636 936 poro
661 839 701 911 in
719 837 796 912 basi
817 835 1039 911 debiscunt:
1064 848 1111 911 ut
1128 834 1365 913 Elaterium.

334 1049 478 1124 Lanu
492 1070 598 1123 nan
621 1048 678 1124 est
697 1026 1023 1145 conceptaculum
1038 1047 1381 1122 membranaceum
1406 1054 1475 1120 aut
1495 1049 1742 1144 coriaceum,
1767 1053 1940 1150 plerum·

233 1197 316 1270 que
334 1177 552 1270 oblongum
576 1176 614 1250 δι
634 1177 772 1249 lutura
791 1175 1068 1269 longitudinali
1093 1175 1341 1271 inscriptum,
1367 1173 1473 1266 quod
1496 1175 1533 1245 in
1555 1194 1637 1247 uno
1657 1186 1813 1252 tantum
1840 1181 1938 1253 late-

232 1323 282 1376 re
315 1301 460 1375 semina
498 1303 605 1394 gerit
637 1299 892 1376 valvularum
934 1301 1181 1394 marginibus
1223 1298 1353 1372 affixa.
1403 1297 1655 1374 Differentiae
1689 1304 1938 1396 leguminum

229 1425 496 1500 desumuntur
530 1425 578 1500 ab
608 1422 836 1501 eorundem
856 1428 1008 1522 figura,
1053 1425 1321 1509 confistentia,
1363 1425 1601 1501 dehiscentia
1640 1439 1761 1522 atque
1792 1427 1937 1503 locula-

226 1553 390 1627 mentis.

326 1733 479 1830 Figura
493 1739 670 1811 omnium
685 1735 949 1832 vulgatillima
962 1736 1020 1811 est
1030 1737 1219 1829 oblonga,
1244 1758 1336 1830 quae
1353 1737 1521 1834 superne
1542 1741 1580 1811 in
1597 1737 1742 1834 stylum
1757 1737 1933 1824 brevem,

219 1870 350 1937 extra
369 1886 490 1936 axem
507 1862 686 1937 nonnihil
709 1863 879 1962 positum
901 1862 1065 1953 desinat,
1092 1861 1247 1936 inferne
1272 1871 1407 1936 autem
1429 1867 1469 1936 in
1491 1864 1758 1962 pedunculurn
1782 1875 1933 1937 eontra·

222 1989 367 2072 hatur,
392 1989 432 2063 ὃ(
455 2010 511 2063 ex
539 2010 621 2062 uno
642 1989 767 2065 latere
786 1988 1043 2072 restiuscula,
1071 2012 1127 2062 ex
1143 1989 1271 2061 altero
1295 2000 1425 2063 autem
1451 1990 1570 2086 paulo
1591 1992 1716 2084 magis
1736 1992 1871 2085 gibba,
1892 1991 1932 2065 δι

219 2117 418 2209 utrinque
441 2114 588 2189 leviter
611 2114 830 2213 compressa
849 2116 905 2191 fit,
956 2111 1034 2190 Sed
1062 2124 1212 2211 praeter
1228 2115 1329 2187 hanc
1349 2113 1591 2188 usitatiorem
1613 2116 1802 2202 sormam,
1836 2119 1930 2192 dan-

217 2251 296 2314 tur
317 2262 478 2335 quoque
512 2239 598 2315 aliae
623 2244 662 2313 in
684 2243 952 2337 leguminibus
973 2242 1138 2334 figurae:
1162 2251 1209 2314 ut
1235 2240 1469 2324 lanceolata,
1508 2243 1743 2327 orbiculata,
1775 2244 1930 2327 lunata,

217 2367 502 2453 rhomboidea,
527 2368 720 2453 subulam,
748 2373 993 2469 prismatica,
1020 2367 1253 2463 cylindrica,
1278 2365 1440 2451 bullata,
1464 2366 1796 2443 monilisormis&
1812 2371 1928 2444 coch-

217 2493 348 2576 leata3
373 2515 449 2568 nec
463 2517 556 2569 raro
578 2495 734 2574 accidit,
759 2512 805 2568 ut
820 2496 982 2569 definita
1000 2494 1179 2589 quaedam
1203 2494 1416 2585 leguminis
1445 2494 1591 2577 forma,
1620 2498 1788 2588 integris
1810 2519 1928 2589 gene-

216 2619 337 2693 ribus
361 2619 562 2696 familiaris
583 2619 649 2694 sit:
674 2628 720 2693 ut
742 2629 972 2713 tetragona,
1010 2616 1271 2712 Indigoserae3
1298 2618 1433 2692 lunata
1459 2630 1529 2693 aut
1550 2621 1769 2705 cochleata,
1796 2622 1927 2699 Medi-

215 2745 375 2836 cagini;
400 2745 620 2840 cylindrico
646 2744 813 2830 bullata,
840 2745 1094 2829 Crotalariae3
1120 2746 1159 2820 δι
1180 2745 1435 2820 vermiculari
1458 2754 1659 2829 contorta,
1687 2744 1921 2846 Scorpiuro.

213 2865 510 2975 Cujuscunque
531 2881 663 2945 autem
693 2871 840 2965 figurae
860 2873 906 2946 fit
927 2874 1137 2965 legumen,
1170 2894 1278 2945 nunc
1302 2880 1498 2965 uterque,
1531 2893 1640 2946 nunc
1660 2869 1925 2951 restiusculus

215 2999 356 3073 saltem
371 2992 460 3095 ejus
487 3018 646 3090 margo,
672 2999 834 3071 notabili
853 2999 1062 3095 inscriptus
1082 2998 1139 3073 est
1156 2998 1268 3080 stria,
1298 3019 1391 3092 quae
1413 3001 1453 3072 in
1468 3000 1554 3074 aliis
1576 3000 1754 3084 elevata,
1781 3004 1818 3075 in
1838 3004 1925 3079 aliis

214 3136 353 3198 antem
367 3121 689 3223 deprellluscula,
717 3121 850 3201 Satara
864 3128 1024 3208 dicitur,
1051 3125 1090 3199 ὅ(
1106 3120 1226 3218 juxta
1242 3147 1359 3218 quain
1379 3124 1524 3197 semina
1539 3126 1795 3202 valvularmn
1817 3152 1924 3203 mar·

212 3253 303 3345 gini
327 3247 507 3335 retliori,
533 3251 601 3327 vel
615 3255 835 3344 generatim
854 3254 1055 3336 breviori,
1082 3252 1248 3324 alternis
1270 3250 1465 3324 umbilicis
1487 3250 1607 3325 affixa
1622 3252 1722 3328 sunt.

317 3459 576 3539 Consistentia
595 3470 714 3557 atque
729 3461 891 3549 sabrica,
917 3463 1049 3537 rarius
1076 3462 1173 3543 alia,
1205 3481 1322 3553 quam
1349 3459 1543 3558 simplex,
1567 3460 1608 3535 δι
1632 3461 1703 3537 vel
1725 3465 1921 3540 membra-

211 3608 359 3674 nacea,
385 3591 452 3667 vel
476 3592 653 3665 coriacea
668 3587 745 3673 est;
775 3599 951 3664 attamen
969 3591 1114 3663 dantur
1134 3609 1295 3681 quoque
1320 3609 1443 3685 pauca
1464 3587 1666 3681 legumina

364 3794 529 3883 baccata,
554 3822 646 3894 quae
662 3801 771 3874 intus
795 3798 1003 3874 substantia
1025 3797 1193 3891 quadam
1212 3795 1412 3879 molliore,
1436 3798 1617 3895 pulpola,
1643 3800 1823 3892 carnosa,
1849 3811 1919 3876 aut

415 3925 581 4019 fungosa
595 3925 749 4023 repleta
763 3925 872 3999 sunt:
899 3928 939 3998 in
958 3921 1220 4004 Tamarindo,
1246 3918 1477 4005 Ceratonia‚
1502 3921 1628 3997 Cassia
1648 3920 1796 4025 Fistula,
1823 3924 1916 4022 Hy-

414 4074 569 4126 menaea
587 4052 660 4130 &a

361 4205 550 4285 corticata,
574 4175 928 4309 apraecedentibus
947 4202 1065 4300 plane
1087 4199 1261 4284 diversa,
1286 4200 1392 4294 quod
1411 4200 1450 4275 δι
1465 4202 1651 4285 interior,
1676 4201 1915 4278 &exterior
1951 4218 1953 4222 “

413 4352 554 4405 eorum
579 4330 789 4405 substantia
808 4330 907 4404 dura
929 4329 968 4403 δι
996 4329 1158 4425 penitus
1180 4330 1357 4400 coriacea
1379 4326 1448 4411 fit,
1479 4328 1518 4401 δι
1538 4331 1644 4422 quod
1670 4330 1756 4402 haec
1777 4332 1824 4402 ab
1851 4333 1915 4404 illa

413 4454 596 4530 facillime
612 4457 713 4533 solvi
730 4464 868 4552 queat:
895 4460 947 4528 ita
962 4453 1136 4527 cribroso
1150 4453 1190 4526 ἃ
1208 4455 1402 4527 muricato
1422 4460 1613 4546 tegmine,
1639 4455 1914 4552 Onobrycbis,

410 4579 449 4655 δι
465 4582 633 4677 fungosa
658 4581 805 4666 crustfi,
830 4580 1085 4677 Hedysarum
1108 4581 1345 4664 coronarium,
1375 4583 1562 4654 corticata
1583 4582 1682 4656 sunl.

360 4751 552 4857 drepana,
586 4781 678 4855 quae
699 4757 767 4833 sub
779 4759 957 4851 coriaceo
971 4756 1010 4832 &
1025 4758 1157 4832 evalvi
1173 4758 1337 4835 cortice,
1363 4766 1553 4855 putamen
1572 4755 1747 4830 condunt
1761 4754 1908 4832 osseum

411 4887 743 4961 autsuberosum:
769 4894 815 4959 ut
837 4882 1110 4983 Pterocarpus
1131 4880 1171 4959 &
1188 4880 1413 4960 Samadera
1440 4888 1449 4903 ’

1046 5090 1076 5142 n
1104 5085 1127 5141 a
1768 5065 1908 5140 Dehis-
