4878 6064
498 435 671 510 cxavm
1185 418 1506 502 ἕω*

497 668 582 747 tula
610 657 787 743 seminali
815 652 1060 732 exhauririri
1092 658 1212 747 atque
1235 651 1361 728 deleri
1388 650 1596 728 videmus:
1629 645 1747 724 unde&
1761 645 1922 745 quidem
1946 647 2203 730 luculentisii.

498 817 629 875 mum,
654 788 760 885 quod
777 806 908 878 neque
929 779 978 855 ad
998 777 1280 874 cotyledones,
1304 799 1436 872 neque
1455 775 1504 849 ad
1521 773 1704 849 albumen
1724 777 1856 850 nuclei
1871 775 1931 851 isti
1949 776 2092 853 referri
2108 800 2203 873 que·

501 932 588 1006 ant,
631 916 696 993 sed
718 911 825 1009 quod
848 904 1082 985 intermedia
1107 904 1275 1001 quadam
1294 903 1414 980 &ex
1433 901 1618 998 utrisque
1637 902 1796 977 mixta»
1836 907 1860 979 i.
1883 928 1918 978 e
1936 925 2042 982 vera
2065 904 2206 984 Vitelli

499 1044 697 1147 gaudeant
719 1045 873 1114 natura.

599 1257 846 1340 Evidentior
863 1252 920 1331 est
943 1245 1064 1348 hujus
1080 1249 1250 1328 visceris
1271 1246 1435 1333 fabrica,
1474 1244 1515 1322 dt
1532 1265 1625 1343 quae
1652 1246 1897 1347 praecedenti
1922 1270 2082 1345 quoque
2100 1250 2206 1328 haud

500 1411 644 1493 parum
664 1386 765 1460 lucis
787 1380 986 1465 affundat,
1013 1380 1053 1452 in
1067 1377 1228 1477 Ruppia
1241 1385 1360 1471 atque
1375 1370 1530 1460 Zamia,
1557 1394 1681 1468 quum
1696 1376 1737 1449 in
1757 1374 1822 1450 his
1840 1378 2054 1471 grandiora
2073 1352 2213 1452 omnia¹
2248 1432 2252 1439 .

502 1516 551 1592 &-
569 1515 656 1615 ipsa·
672 1531 833 1606 quoque
854 1505 993 1585 Vitelli
1017 1503 1144 1598 figna,
1178 1503 1229 1578 ob
1258 1503 1495 1602 praesentem
1511 1501 1552 1572 in
1573 1500 1719 1577 semine
1742 1499 1953 1577 radiculam
1972 1503 2206 1583 discretam,

501 1643 630 1735 magis
658 1645 765 1714 certa
789 1634 829 1708 δι
858 1629 1063 1729 conspicua
1086 1628 1172 1704 sint.
1240 1627 1287 1704 In
1304 1628 1466 1728 Ruppia
1492 1629 1705 1715 nimirum,
1734 1628 1903 1705 nucleus
1922 1630 2084 1705 carnoso
2102 1629 2207 1704 albu·

503 1769 600 1841 mini
615 1762 837 1837 ssmillimus
858 1757 898 1833 δι
923 1765 1035 1832 totus
1058 1777 1237 1852 quoque,
1277 1763 1325 1829 ut
1342 1756 1383 1829 in
1400 1754 1738 1853 praecedentibus,
1763 1753 1911 1830 solidus
1926 1756 2006 1842 estc
2039 1755 2206 1830 sedloco

503 1892 689 1992 simplicis
711 1882 977 1967 Cicatriculae,
1007 1876 1090 1977 jam
1111 1879 1195 1978 jam
1225 1879 1397 1956 formata
1416 1881 1523 1954 intra
1544 1880 1682 1956 testam
1704 1877 1942 1977 conspicitur
1960 1879 2130 1956 radicula
2145 1890 2205 1955 te·

503 2021 580 2094 reti
596 2064 610 2078 -
629 2016 868 2097 acuminata,
900 2031 991 2104 quaa
1013 2008 1077 2083 sua
1098 2009 1225 2084 altera
1242 2010 1500 2083 extremitate
1521 2009 1683 2108 penitus
1702 2005 1827 2080 libera
1852 2006 2037 2081 &soluta
2050 2006 2099 2080 in'
2113 2029 2206 2105 pro·

503 2147 593 2245 prio
615 2139 739 2222 sulco,
768 2138 910 2214 vertici
926 2134 1054 2210 nuclei
1080 2133 1284 2231 inscripto,
1310 2133 1470 2228 oblique
1485 2133 1704 2219 decumbit,
1732 2134 1856 2209 altera
1878 2132 1918 2207 ὃ(
1935 2132 2119 2208 crassiore
2136 2153 2206 2207 au·

503 2282 585 2347 t'em
601 2292 691 2344 cum
712 2264 790 2364 ipsa
816 2260 946 2335 nuclei
972 2257 1181 2335 substantia
1200 2260 1299 2334 adeo
1317 2252 1456 2336 intime
1478 2257 1618 2335 coalita
1637 2254 1715 2345 est,
1748 2266 1794 2333 ut
1815 2261 1862 2334 ab
1880 2259 1958 2359 ipsa
1974 2262 2047 2334 hac
2064 2260 2207 2359 copula

503 2394 750 2472 luculentum
771 2386 908 2467 Vitelli
927 2386 1081 2481 signum
1102 2383 1161 2460 isti
1185 2392 1328 2461 nucleo
1352 2389 1615 2486 imprimatur.
1671 2383 1718 2458 In
1741 2381 1899 2471 Zamia,
1936 2388 2064 2464 adhuc
2084 2383 2219 2484 majo-⁴

503 2528 590 2599 re'm
621 2517 831 2594 albuminis
851 2510 1145 2589 similitudinem
1162 2534 1251 2612 prae
1270 2513 1308 2588 se
1332 2512 1414 2588 sert
1427 2509 1620 2596 Vitellus,
1645 2509 1744 2586 ‘cum
1768 2510 1817 2586 ad
1839 2512 1940 2589 duas
1958 2518 2096 2590 tertias
2117 2515 2206 2589 lon-

503 2646 693 2746 gitudinis
713 2644 795 2719 suae
814 2650 951 2741 partes
977 2638 1173 2714 foramine
1199 2639 1502 2736 perterebratus
1522 2635 1570 2711 srt
1588 2645 1708 2730 atque
1729 2639 1833 2714 intra
1862 2640 2206 2736 huncgfistalosum

503 2774 680 2852 canalem
704 2768 919 2843 radiculam
942 2772 1057 2859 gerat
1078 2764 1265 2856 longam,
1299 2762 1520 2839 flexuosam
1551 2772 1672 2860 atque
1701 2766 1982 2865 capitellatamt
2021 2766 2086 2841 sed
2114 2766 2207 2860 quia

505 2901 583 3001 ipsa
603 2892 903 2987 haecradicula,
931 2913 954 2963 a
972 2889 1178 2987 superiore
1205 2896 1361 2964 tantum
1382 2890 1450 2976 sua
1472 2899 1587 2989 parte
1611 2891 1750 2976 libera,
1777 2892 1825 2966 ab
1844 2893 2034 2967 inferiore
2053 2900 2206 2977 autem,

504 3050 596 3104 cum
626 3022 769 3098 nucleo
793 3019 930 3092 intime
954 3015 1155 3090 commista
1177 3015 1281 3090 &in
1302 3039 1428 3091 unum
1452 3038 1602 3116 corpus
1622 3001 1792 3092 connata
1820 3018 1895 3095 est:
1932 3020 2020 3094 ideo
2046 3041 2207 3115 quoque

500 3160 588 3233 'non
608 3148 745 3234 aliud,
771 3165 889 3242 quam
908 3141 1045 3220 Vitelli
1072 3163 1218 3218 nomen
1241 3141 1280 3217 ὃ(
1299 3139 1477 3218 officium
1499 3125 1643 3217 nucleo
1662 3154 1893 3243 competere
1914 3145 2039 3245 posse,
2079 3144 2208 3245 palam

505 3280 573 3358 est.
621 3277 693 3353 Ex
711 3272 900 3369 singulari
914 3270 988 3343 hac
1005 3268 1167 3359 fabrica,
1192 3276 1393 3367 praeterea
1409 3270 1528 3343 etiam
1548 3266 1713 3343 dilucide
1730 3270 1982 3369 perspicitur,
2007 3266 2210 3365 quomodo

505 3403 673 3505 fimplex
688 3398 923 3478 Cicatricula
940 3396 1170 3490 germinans
1191 3393 1330 3469 sensim
1350 3397 1389 3467 in
1411 3395 1677 3491 embryonem
1701 3398 1982 3497 incompletum
2009 3396 2208 3471 transfor-

505 3542 662 3635 metura
684 3528 724 3605 &
742 3523 859 3605 valde
873 3518 1128 3629 memorabile
1149 3520 1223 3607 cst,
1265 3521 1372 3617 quod
1392 3521 1460 3597 ista
1480 3522 1811 3620 metamorphosis
1826 3525 1866 3598 in
1887 3523 2098 3599 seminibus
2118 3544 2208 3598 con·

504 3664 620 3739 tinuo
640 3659 772 3732 locum
789 3651 950 3734 habeat,
984 3645 1280 3744 quamprimum
1296 3649 1337 3723 in
1353 3648 1530 3723 masculo
1548 3647 1775 3746 plantarum
1797 3657 1989 3749 apparatu
2008 3640 2208 3749 ¹indubita-

506 3792 592 3864 tum
608 3782 788 3880 gignatur
807 3777 943 3878 pouen
961 3754 1178 3851 annelare.

597 3979 652 4076 'In
672 3995 855 4081 Zostera,
880 3982 1173 4094 Ceratophyllo
1187 4000 1307 4090 atque
1318 3990 1537 4079 Nelumbo,
1562 4014 1644 4068 non
1660 3994 1707 4069 ad
1726 3995 1954 4081 albuminis‚
1980 4005 2026 4072 ut
2045 3997 2084 4071 in
2103 4017 2209 4096 prae·

382 4183 389 4189 -
507 4127 756 4211 cedentibus,
801 4123 864 4200 sed
882 4126 1015 4237 potius
1031 4120 1079 4195 ad
1099 4141 1211 4196 verae
1231 4119 1482 4213 cotyledonis
1504 4118 1674 4196 sormam
1696 4122 1871 4201 Vitellus
1894 4124 2056 4207 accedit,
2086 4123 2126 4198 δι
2154 4142 2209 4199 ex

507 4256 593 4331 alba
617 4274 735 4327 carne
759 4248 1058 4346 amygdaloidea
1081 4246 1279 4322 formatus
1304 4268 1349 4318 ac
1378 4248 1416 4317 in
1444 4244 1545 4320 duos
1571 4246 1685 4322 lobos
1710 4222 1836 4326 setius
1859 4248 1926 4325 est.
1988 4244 2208 4345 {Sigillatim

507 4403 609 4459 vero
636 4381 677 4452 in
695 4374 885 4459 Zostera,
913 4373 1134 4448 lenticulari
1155 4371 1398 4471 compressus
1421 4371 1461 4446 bt
1480 4372 1528 4446 ad
1546 4372 1718 4449 alterum
1736 4376 1843 4449 latus
1861 4395 1993 4469 usque
2015 4374 2063 4448 ad
2088 4397 2208 4447 axem

507 4507 621 4583 suum
635 4501 874 4580 semibifidus
890 4499 1078 4583 habetur3
1103 4510 1235 4575 cetera
1252 4526 1356 4578 vero
1374 4524 1429 4574 ex
1446 4499 1572 4575 media
1588 4500 1771 4575 lobo‘rum
1785 4500 1948 4576 suorum
1960 4496 2209 4575 commissura

507 4632 775 4708 uncinulatam
795 4628 945 4726 promit
962 4622 1193 4709 radiculam,
1219 4621 1333 4721 cujus
1352 4630 1591 4704 extremitas
1613 4628 1738 4703 altera
1761 4627 1908 4712 libera,
1933 4629 2059 4703 altera
2075 4635 2209 4702 autem

509 4760 642 4838 medio‘
662 4756 791 4831 nuclei
815 4755 883 4827 axi
901 4752 1131 4850 implantata
1144 4751 1219 4833 est,
1252 4761 1371 4846 atque
1385 4752 1459 4827 hac
1476 4754 1553 4852 ipsa
1571 4753 1638 4827 sua
1659 4750 1844 4846 fingulari
1864 4755 2101 4840 insertione,
2134 4776 2208 4828 nu·

501 4891 638 4966 eleum
658 4903 818 4979 quoque
837 4880 987 4957 averis
1006 4875 1311 4973 cotyledonibus
1331 4877 1485 4952 abunde
1502 4878 1633 4953 reddit
1647 4877 1879 4955 distinstum.
1930 4876 2010 4958 Sed
2030 4883 2070 4954 in
2085 4878 2208 4955 Cera-

2022 5003 2208 5105 tophyllo
