4878 6064
964 522 1270 555 m

968 556 1270 581 m

882 799 1145 915 CAPVT
1179 805 1318 917 XIV.

1062 1036 1157 1119 DE

382 1229 713 1381 METHuDICA
736 1230 1091 1314 PLANTARVM
1109 1235 1152 1314 A
1175 1235 1399 1317 FRVCTV
1415 1236 1809 1326 DISPOSIYIONE·
1892 1272 1897 1275 ·

245 1643 425 1781 Clavem
442 1698 619 1781 methodi
642 1700 870 1798 plantarum
885 1697 1099 1790 naturalia,
1121 1722 1254 1803 neque
1280 1706 1321 1779 in
1342 1704 1503 1782 seminis
1515 1705 1707 1800 Cocculo,
1732 1719 1780 1789 ut
1797 1715 1957 1812 quidam

244 1831 485 1915 voluerunt,
510 1848 642 1922 neque
659 1829 700 1900 in
713 1826 792 1900 ulla
809 1828 884 1901 alia
898 1819 1053 1901 fructus
1067 1827 1608 1934 autfruttlficationisparte,
1634 1838 1854 1917 conclusam
1865 1841 1955 1928 effe,

243 1957 365 2031 immo
383 1978 434 2032 ne
454 1954 540 2030 dari
554 1951 713 2049 quidem
728 1954 833 2029 illam
849 1953 957 2053 polle
975 1954 1103 2038 ullibi,
1131 1954 1223 2030 satis
1240 1969 1396 2036 certum
1415 1960 1493 2046 est,
1520 1965 1613 2058 quia
1625 1967 1863 2061 organisatio
1879 1934 1956 2041 ma·

243 2086 359 2159 teriae
376 2080 612 2178 vegetabilis
625 2079 723 2155 adeo
751 2081 928 2157 diversas
942 2080 1043 2156 subit
1060 2079 1393 2181 modificationem,
1418 2097 1538 2184 atque
1566 2090 1729 2168 istarum
1754 2088 1954 2168 modifica-

243 2213 401 2285 tionum
426 2214 573 2286 iterum
592 2209 691 2285 adeo
707 2188 928 2284 numerosae
944 2205 1089 2282 dantur
1105 2210 1440 2301 combinationes,
1464 2221 1512 2290 ut
1529 2215 1702 2295 affinitas
1725 2218 1954 2316 plantarum

241 2357 493 2433 nequaquam
515 2360 570 2413 ex
592 2337 713 2411 unico
735 2334 847 2410 sonte
877 2341 998 2431 queat
1018 2355 1198 2421 manare,
1227 2359 1360 2434 neque
1390 2342 1509 2415 etiam
1541 2363 1716 2439 genera,
1739 2344 1953 2419 secundum

242 2464 383 2540 seriem
401 2460 589 2539 directam
607 2460 647 2539 &
670 2463 922 2547 continuam,
948 2460 1016 2535 libi
1033 2469 1174 2537 mutuo
1190 2461 1336 2560 poffint
1351 2466 1581 2562 succedere,
1604 2470 1671 2545 sed
1683 2470 1772 2544 haec
1795 2472 1952 2569 potius,

240 2599 429 2684 tanquam
452 2587 603 2666 tractus
622 2589 662 2665 δι
682 2591 906 2688 provinciae
936 2590 975 2661 in
1001 2611 1143 2686 mappa
1165 2592 1448 2691 geographica,
1465 2589 1588 2689 juxta
1613 2594 1652 2669 se
1674 2592 1819 2693 postca,
1852 2599 1950 2691 quin

241 2715 281 2793 δι
302 2716 521 2801 interdum,
546 2713 758 2791 insularum
773 2713 963 2798 adinstar,
988 2716 1171 2793 avicinis
1189 2718 1307 2815 plane
1324 2718 1501 2817 separata
1522 2719 1597 2795 elle
1621 2721 1811 2797 debeant:
1838 2718 1950 2796 sicuti

240 2844 298 2937 id,
324 2844 393 2920 vel
407 2844 498 2942 ipsae
510 2841 684 2928 classes,
708 2843 773 2917 seu
794 2842 977 2939 suprema
992 2840 1239 2939 plantarum,
1265 2845 1466 2929 asemine,
1490 2867 1656 2940 genera,
1673 2846 1777 2922 olare
1792 2847 1948 2934 docent,

239 2969 398 3066 quando
416 2968 490 3046 scil.
508 2970 794 3066 acotyledones
815 2969 973 3068 plantas
995 2989 1284 3063 nonnunquam
1311 2971 1715 3068 polycotyledonum,
1742 2973 1782 3047 a
1810 2995 1948 3048 mono-

242 3097 522 3194 cotyledones‚
550 3096 656 3171 haud
679 3119 773 3170 raro
795 3093 1122 3195 dicotyledonum
1143 3098 1394 3173 territorium
1422 3098 1578 3172 intrare
1596 3106 1715 3195 atque
1738 3097 1792 3174 fic
1815 3107 1948 3175 unas-

238 3246 332 3320 que,
359 3226 399 3299 in
422 3225 552 3301 alieno
567 3223 763 3309 dominio,
789 3223 1013 3322 peculiares
1034 3223 1160 3300 status
1182 3223 1358 3298 formare
1382 3221 1578 3300 videmus.

334 3438 415 3516 His
436 3447 671 3517 tamennon
685 3437 954 3523 obstantibus,
979 3435 1188 3518 aruiffima
1208 3439 1313 3538 saepe
1335 3441 1440 3521 inter
1461 3436 1634 3539 plantas,
1667 3450 1749 3521 tam
1776 3466 1800 3521 a
1824 3442 1944 3531 flore,

237 3588 356 3662 quam
381 3569 563 3665 inprimis
587 3589 748 3663 quoque
775 3590 798 3640 a
826 3563 984 3649 faunu,
1017 3566 1232 3644 nascuntur
1255 3567 1459 3645 affinitatis
1486 3568 1648 3646 vincula
1675 3571 1874 3666 partialis,
1905 3570 1946 3649 δι

235 3697 362 3767 variae
376 3692 523 3768 dantur
538 3692 698 3768 familiae
714 3688 937 3784 naturalem
961 3712 1131 3785 quarum
1151 3690 1360 3770 essentialis
1378 3691 1581 3771 charaster
1596 3704 1735 3789 aperte
1752 3697 1792 3773 in
1811 3693 1944 3775 fructu

236 3817 484 3894 fundatus&
507 3818 610 3917 saepe
634 3821 674 3892 in
697 3818 775 3895 hoc
799 3817 920 3893 latius
948 3815 1112 3893 diffusus
1142 3826 1213 3893 aut
1238 3815 1482 3895 constantior
1504 3818 1586 3902 est,
1617 3838 1736 3911 quam
1766 3821 1807 3895 in
1839 3817 1944 3901 flore

237 3945 328 4043 ipso.
379 3944 438 4020 Ita
462 3942 742 4041 Leguminosae
763 3943 803 4019 δι
830 3940 1056 4038 Siliquosae,
1088 3950 1233 4041 typum
1265 3941 1425 4023 familiae
1448 3943 1529 4021 suae
1553 3964 1636 4021 non
1664 3951 1744 4023 um
1766 3942 1880 4025 facile
1901 3947 1943 4018 in

235 4070 387 4158 fructu,
412 4095 531 4168 quam
556 4076 597 4148 in
617 4073 745 4159 flore,
771 4049 966 4152 deserunt
1018 4067 1170 4147 Malva
1197 4089 1359 4155 omnen,
1397 4068 1705 4166 cotyledonibus
1734 4078 1942 4179 contortu-

234 4199 391 4299 plicatis
410 4197 450 4273 δι
469 4200 668 4277 albumine
690 4197 1205 4282 membranaceo-sarinosm
1239 4200 1347 4273 inter
1367 4195 1407 4275 sa
1431 4198 1677 4296 conspirant,
1702 4205 1822 4290 atque
1854 4194 1942 4296 Ipo-

234 4349 383 4399 moeam
402 4324 778 4413 &Convolvulum,
804 4337 851 4402 ut
872 4337 917 4402 ut
938 4326 1043 4401 flore
1071 4325 1253 4410 diffinas,
1282 4327 1322 4399 in
1345 4323 1452 4401 suam
1473 4325 1699 4403 societatem
1732 4313 1950 4423 iecipiuut

235 4451 461 4537 Trionem,
492 4454 728 4551 embryonis
749 4453 822 4527 litu
844 4454 883 4528 &
898 4452 1046 4538 forma,
1078 4473 1258 4525 necnon
1285 4453 1473 4550 peculiari
1496 4451 1709 4529 albuminia
1729 4451 1786 4529 sui
1815 4449 1940 4527 cousi.

232 4579 397 4667 stentia,
424 4582 529 4656 inter
549 4583 588 4658 se
610 4579 905 4657 connectuntur
927 4598 1090 4659 omnes,
1131 4601 1176 4652 ac
1194 4576 1427 4655 Parietariae
1450 4578 1491 4657 δι
1514 4577 1667 4657 Urtlcae
1696 4576 1940 4655 consortlum

234 4730 318 4783 non
337 4708 541 4807 respuunt.
589 4707 759 4793 Palmae‚
789 4706 1018 4801 anthologia
1034 4726 1192 4781 caucam
1213 4706 1413 4801 figentes,
1437 4705 1636 4781 albumine
1656 4705 1856 4779 ruminate
1871 4711 1943 4783 aut

233 4856 334 4909 cavo
354 4834 395 4910 δι
412 4836 640 4930 embryone
659 4834 1043 4930 monocotyledone,
1077 4857 1100 4909 a
1122 4835 1265 4912 vicinis
1292 4832 1406 4908 facile
1434 4830 1678 4928 separantur.
1729 4826 1942 4915 Gramina,

228 4960 316 5037 blo
330 4962 399 5040 suo
417 4964 884 5062 scutellocotyledoneo‚
909 4963 957 5039 ab
975 4963 1167 5039 omnibus
1183 4963 1359 5057 cognitis
1368 4957 1520 5058 plantis
1542 4953 1817 5035 distinctiffima
1839 4956 1937 5035 sunt.

1419 5087 1421 5091 ’
1749 5080 1936 5156 Umbelli-
