4878 6064
956 512 1218 526 ΜΜΜΜ
1838 470 1944 540 tam

235 689 408 791 propius
435 693 569 763 autem
593 685 731 763 semen
759 685 808 762 ad
830 690 1101 765 maturitatem
1121 685 1230 764 luam
1254 687 1418 774 accedit,
1451 711 1503 765 eo
1518 706 1678 786 quoque
1695 697 1865 795 propius
1889 686 1941 777 la.

236 818 359 890 minae
384 812 460 888 illae
485 812 552 887 ssbi
578 822 719 888 mutuo
733 808 962 910 junguntur
984 836 1029 889 ac
1051 817 1132 890 suls
1158 817 1317 891 demum
1336 817 1507 891 internis
1527 820 1683 914 paginis
1695 824 1870 920 undique
1886 826 1941 902 se»

234 944 276 1019 se
293 945 553 1034 contingunt,
587 940 628 1016 br
645 950 742 1016 tunc
762 958 923 1035 quoque
939 963 997 1016 ex
1018 939 1355 1041 terricrepum,
1388 954 1479 1038 qu'ae
1496 953 1610 1020 antea
1625 934 1817 1036 fuerunt,
1850 972 1941 1026 eur-

232 1093 323 1155 vae,
350 1068 561 1151 flexuosae,
587 1064 842 1150 convolutae,
865 1066 1012 1161 gibbae,
1037 1070 1187 1154 verbo,
1215 1071 1427 1144 intrinseco
1446 1064 1516 1145 suo
1532 1070 1692 1145 modulo
1710 1076 1952 1155 conformes¹

232 1198 350 1273 fiunt.
401 1193 701 1269 lucrementum
718 1191 860 1290 ipsum,
886 1201 1036 1277 cetera,
1067 1194 1107 1267 in
1128 1195 1215 1269 aliis
1235 1193 1404 1271 celerius
1423 1197 1463 1272 ἃ
1479 1199 1519 1270 in
1541 1194 1626 1271 aliis
1648 1198 1801 1277 tardius
1819 1204 1939 1279 absol·

230 1325 362 1408 uitur,
395 1319 671 1416 &generatim
687 1320 726 1391 in
742 1319 890 1412 variis,
922 1339 1004 1392 non
1027 1318 1204 1395 obstante
1221 1322 1397 1396 alimenti
1420 1323 1557 1421 copia,
1588 1328 1745 1401 varium
1768 1327 1844 1412 est,
1875 1327 1939 1407 sed

231 1449 364 1523 ultimi
387 1442 477 1542 ejus
497 1445 658 1521 termini
682 1446 723 1517 in
748 1445 933 1521 omnibus
958 1445 1032 1520 fixi
1055 1453 1174 1541 atque
1201 1445 1299 1521 adeo
1327 1450 1623 1525 invariabilibus
1644 1451 1835 1528 limitibus
1861 1456 1939 1529 cir·

231 1574 457 1672 cumscripti
480 1572 593 1656 sunt,
632 1578 681 1643 ut
698 1571 738 1643 in
765 1571 903 1647 multis
919 1571 1110 1647 seminum
1132 1573 1377 1669 myriadibus
1397 1570 1574 1669 ejusdem
1596 1576 1752 1676 speciei,
1783 1579 1938 1678 semper

232 1700 370 1776 eadem
384 1700 577 1774 habeatur
598 1696 905 1792 cotyledonum,
942 1720 1025 1773 non
1038 1698 1164 1775 solum
1185 1701 1231 1775 ad
1250 1700 1360 1776 testae
1376 1700 1457 1774 suae
1476 1706 1707 1790 cavitatem,
1749 1704 1813 1780 sed
1831 1705 1870 1781 bc
1890 1705 1938 1781 ad

231 1828 408 1922 reliquas
422 1825 552 1902 nuclei
572 1820 596 1901 l.
617 1824 853 1920 embryonis
867 1833 1021 1922 partes,
1054 1823 1239 1902 constans
1257 1828 1482 1926 proportio.

331 2018 498 2098 Febr-ica
522 2018 743 2114 generatim
765 2040 821 2107 ex
847 2020 977 2095 tribus
998 2021 1178 2119 partibus
1208 2019 1396 2098 distineris
1420 2023 1636 2123 compotita
1658 2022 1738 2102 esta
1781 2026 1937 2127 epider·

230 2147 338 2226 mide
359 2148 435 2225 scil.
461 2145 773 2246 parencbymate
800 2152 920 2241 atque
940 2145 1045 2222 valis
1070 2147 1095 2219 s.
1125 2147 1308 2226 tracheis.
1377 2147 1629 2251 Epidermis,
1672 2154 1750 2252 ipsa
1773 2154 1831 2229 est
1852 2179 1937 2230 em-

231 2275 405 2372 bryonis
429 2271 614 2354 cuticula,
638 2295 731 2367 quae
745 2296 908 2348 omnem
923 2272 1208 2368 cotyledonum
1231 2272 1478 2372 superficiem
1492 2274 1668 2362 investit,
1693 2282 1832 2374 eisque
1847 2302 1937 2380 par-

231 2405 305 2479 tim
330 2420 405 2500 pro
423 2398 536 2474 filtro
557 2398 740 2483 inservit,
781 2422 857 2498 per
877 2396 983 2493 quod
1002 2397 1140 2472 Amnii
1163 2399 1297 2494 liquor
1315 2395 1529 2496 trajicitur,
1572 2406 1720 2500 partim
1740 2428 1843 2481 vero
1868 2425 1937 2480 eas

232 2524 422 2626 impedit,
463 2527 679 2621 quominus
700 2548 791 2599 cum
808 2500 951 2602 vicinis
975 2525 1211 2622 corporibus
1231 2527 1456 2603 coalescere
1476 2536 1644 2620 queant:
1679 2550 1772 2604 nam
1793 2548 1938 2606 omnes

232 2650 496 2750 cotyledones
518 2651 566 2725 ab
587 2653 873 2745 integumentis
891 2673 1007 2746 aeque
1039 2673 1083 2724 ac
1110 2651 1157 2724 ab
1179 2652 1378 2727 albumine
1404 2653 1562 2751 semper
1588 2653 1771 2729 discretae
1791 2657 1880 2731 sunt
1896 2657 1938 2733 dc

231 2776 418 2855 facillimo
436 2778 598 2873 negotio
616 2776 777 2877 polllmt
799 2777 847 2851 ab
866 2779 1051 2870 utrisque
1069 2778 1260 2875 separari,
1286 2789 1556 2878 praeterquam
1575 2782 1615 2853 in
1637 2778 1934 2875 Barringtonia‚

231 2916 352 3002 atque
371 2901 653 2997 Mangostana,
696 2900 903 2998 inquibus
925 2904 1019 2979 solis
1041 2902 1344 3003 pertinaciffime
1371 2928 1462 2982 cum
1490 2902 1688 2983 alburhine
1716 2907 1935 2983 cohaerent.

231 3026 511 3128 Parenchyma
529 3029 731 3107 manifeste
753 3029 1023 3130 proficiscitur
1047 3030 1094 3106 ab
1121 3033 1282 3106 interno
1301 3006 1538 3128 embryonis
1556 3034 1705 3108 cortice
1725 3033 1766 3109 dr
1787 3057 1842 3109 ex
1860 3035 1937 3110 cel·

227 3158 359 3233 luloso
387 3165 581 3232 contextu
610 3156 827 3233 conflatum
854 3155 927 3241 eit,
958 3158 997 3229 in
1021 3152 1137 3251 cujus
1162 3155 1384 3233 interstitiis
1406 3150 1573 3233 crassum
1594 3159 1778 3257 inprimis
1800 3160 1937 3237 oleum

231 3285 273 3361 dt
298 3283 361 3359 alii
379 3286 559 3379 liquores
584 3282 764 3382 inspissati
794 3284 1046 3371 nidulantur3
1082 3306 1243 3358 omnem
1272 3304 1432 3380 quoque
1462 3282 1747 3381 cotyledonum
1778 3278 1937 3363 massam

231 3411 319 3489 fere
337 3412 462 3487 solum
480 3409 621 3503 efficit,
639 3412 683 3487 dr
703 3413 922 3504 generatim
939 3413 1008 3488 vel
1027 3413 1252 3495 herbaceae,
1279 3411 1348 3487 vel
1364 3410 1696 3509 amygdaloideae,
1722 3410 1788 3488 vel
1802 3411 1842 3486 bt
1854 3412 1936 3489 sub·

232 3540 423 3613 coriaceae
442 3536 501 3612 est
521 3536 783 3614 coniistentiae
797 3547 917 3632 atque
933 3539 1174 3638 depurandis
1192 3537 1231 3611 δι
1251 3540 1502 3614 continendis
1523 3538 1646 3613 succis
1669 3540 1847 3613 nutritiis
1861 3563 1937 3638 po·

230 3661 420 3740 tiffimum
443 3665 627 3741 inservit:
674 3672 767 3738 ante
786 3667 1117 3758 germinationem
1138 3666 1271 3748 enim,
1303 3664 1374 3739 vel
1392 3663 1433 3739 dr
1455 3664 1523 3740 sub
1541 3658 1629 3759 ejus
1653 3666 1781 3749 initia,
1815 3687 1936 3741 omne

231 3791 469 3889 embryonis
493 3788 724 3865 alimentum
751 3791 792 3863 in
818 3786 969 3864 bibulas
991 3792 1105 3867 venit
1130 3787 1390 3885 cotyledones
1411 3790 1450 3864 δι
1470 3793 1518 3866 ab
1538 3793 1599 3865 eis
1618 3790 1803 3865 radiculae
1815 3801 1935 3886 atque

229 3916 424 4017 plumulae
448 3914 638 4000 traditum
666 3915 826 3991 limulac
845 3938 949 3991 vero
969 3913 1141 3990 radicula
1164 3925 1287 3991 terrae
1310 3914 1501 4000 inhaeret,
1537 3928 1635 3993 tunc
1663 3919 1854 3992 nutritius
1878 3918 1935 3993 la·

230 4054 326 4129 tex,
351 4046 555 4119 contrario
575 4044 729 4128 itinere,
754 4066 809 4118 ex
824 4042 1044 4138 embryone
1061 4044 1100 4115 in
1116 4042 1380 4139 cotyledones
1401 4043 1555 4139 migrat,
1580 4053 1627 4117 ut
1641 4043 1691 4117 ibi
1710 4042 1935 4119 exhalando

229 4166 471 4268 depuretur,
507 4182 578 4249 aut
606 4170 833 4273 recipiendo
857 4174 1064 4248 tenuiores
1098 4194 1154 4246 ex
1186 4192 1279 4245 aere
1311 4171 1544 4267 particulas,
1585 4170 1713 4245 motui
1742 4169 1947 4271 reddatur

229 4300 374 4395 aptior.
419 4296 528 4374 Huic
544 4301 661 4400 scopo
683 4300 866 4396 inprimis
885 4295 1172 4394 quoque'Vasa
1200 4298 1224 4370 s.
1247 4295 1420 4370 tracheae
1437 4298 1675 4379 inserviunt,
1713 4317 1804 4389 quae
1820 4306 1936 4394 coty-

227 4422 440 4500 ledbnibus
457 4425 631 4501 concella
657 4424 789 4523 &per
809 4423 1037 4499 cellulosum
1060 4423 1181 4498 suum*
1195 4429 1429 4498 contextum
1447 4424 1599 4520 sparsa,
1633 4423 1719 4496 illas
1741 4443 1831 4497 cum
1851 4445 1935 4500 em·

228 4551 388 4647 bryone
416 4554 553 4628 intime
577 4549 830 4631 connet‘tunt.
882 4545 1054 4649 Semper
1075 4571 1129 4623 ex
1152 4547 1231 4645 ipsa
1249 4542 1369 4642 hujus
1390 4549 1598 4624 substantia
1625 4549 1802 4634 carnosa,
1836 4570 1936 4625 mox

230 4678 334 4752 inira
356 4679 547 4779 plumulae
561 4688 754 4757 exortum
777 4679 1043 4779 proveniunt,
1069 4685 1189 4770 atque
1205 4676 1528 4750 extremitatibus
1547 4676 1625 4748 suis
1648 4676 1688 4746 in
1709 4676 1937 4772 parenchy·

228 4814 336 4878 mate
360 4808 492 4891 autin
516 4803 799 4902 cotyledonum
823 4803 1027 4904 superficie
1049 4803 1268 4888 finiuntur,
1309 4808 1354 4874 ut
1373 4800 1599 4876 exhalando
1628 4803 1780 4900 pariter
1805 4825 1850 4875 ac
1872 4825 1936 4879 re·

229 4929 425 5007 sorbendo
447 4930 831 5033 plantulaeseminali
853 4927 1033 5030 pradelle
1052 4936 1213 5025 queant
1262 4925 1450 5001 Eundem
1472 4928 1745 5021 igituruium,
1778 4930 1874 5021 quin
1897 4927 1937 5002 δι

1033 5077 1064 5130 u
1749 5053 1936 5127 fabricam
