4878 6064
920 479 1234 513 ”“““““““““““
1791 483 1930 540 cxtlx

225 684 416 787 tophyllo
444 691 564 781 atque
583 678 804 769 Nelumbo,
841 680 880 758 id
898 690 1055 760 tannim
1078 708 1102 760 a
1121 685 1428 782 cotyledonibus
1451 686 1564 767 distat
1581 688 1784 779 Vitellus,
1822 697 1930 791 quod

225 814 309 890 lobi
330 809 438 910 ejus,
463 815 567 887 circa
589 808 695 887 basin
713 810 845 895 suam,
870 808 968 885 adeo
991 811 1071 885 late
1094 814 1202 886 inter
1221 812 1311 889 se&
1324 837 1415 890 cum
1430 815 1601 891 radicula
1624 820 1754 895 coaliti
1769 820 1862 908 s1nt,
1883 834 1931 899 ut

225 940 331 1015 hanc
341 940 503 1040 penitus
521 936 781 1021 abscondant,
806 933 969 1030 &quod
989 936 1057 1010 sub
1071 940 1361 1031 germinatione
1379 940 1538 1018 seminis
1556 945 1660 1018 intra
1674 945 1810 1022 testam
1822 948 1931 1025 suam

225 1075 418 1143 maneant
437 1061 633 1139 conclusi:
660 1061 753 1136 hinc
766 1059 911 1136 debent
928 1062 1088 1155 quidem
1101 1063 1182 1139 lobi
1200 1063 1277 1148 isti,
1315 1066 1528 1143 secundum
1549 1071 1748 1163 rigorem,
1779 1072 1931 1150 Viteilo

226 1191 391 1268 adscribi
398 1216 410 1276 3
450 1189 517 1266 sed
536 1212 592 1265 ex
611 1186 749 1264 habitu
774 1185 863 1271 suo,
902 1188 1110 1263 commode
1136 1210 1297 1285 quoque
1317 1201 1511 1290 poterunt
1537 1193 1841 1290 cotyledonibus
1858 1222 1930 1274 an·

227 1340 446 1395 numeram.

327 1504 376 1580 ln
392 1500 651 1579 Graminibus
672 1521 782 1577 nova
800 1493 1108 1597 habeturhujtrs
1125 1504 1294 1580 visceris
1309 1502 1457 1602 forma,
1481 1506 1522 1582 δι
1540 1528 1647 1585 nova
1664 1529 1825 1603 quoque
1839 1533 1931 1610 par-

227 1634 331 1711 tium
354 1631 512 1708 seminis
532 1628 790 1703 combinatio:
823 1629 978 1700 namin
1003 1626 1067 1702 his
1081 1626 1257 1705 Vitellus
1280 1630 1454 1725 figuram
1479 1631 1597 1709 habet
1618 1634 1789 1729 squamae
1815 1640 1932 1713 scuti-

228 1757 395 1841 formis,
421 1759 485 1831 cui
498 1756 625 1829 antice
645 1754 836 1850 embryo,
863 1753 1009 1852 postire
1029 1762 1163 1829 autem
1184 1756 1334 1850 grande
1347 1753 1554 1834 albuminis
1572 1781 1720 1859 corpus
1737 1762 1933 1839 adhaeret:
1961 1818 1966 1825 -

228 1882 338 1961 unde
358 1881 502 1977 RAJus
528 1879 604 1979 (1)
628 1883 729 1957 hanc
753 1882 989 1983 embryonis
1012 1901 1104 1956 cum
1122 1881 1192 1957 suo
1211 1883 1359 1959 semine
1383 1883 1567 1981 copulam
1589 1885 1694 1962 haud
1713 1889 1933 1983 incongrue

218 2014 323 2085 'cum
343 2007 662 2107 emplastratione
684 2011 727 2080 in
751 2007 960 2082 arboribus
983 2011 1232 2108 comparavit
1244 2033 1255 2092 ς
1289 2008 1608 2103 quandoquidem
1628 2011 1834 2088 scutellum
1855 2039 1933 2089 ern·

228 2137 522 2234 bryonigerum
544 2133 659 2209 simili
681 2134 848 2233 prorsus
867 2132 986 2208 modo
1013 2156 1105 2208 cum
1134 2132 1289 2228 reliqua
1310 2133 1469 2208 seminis
1498 2158 1689 2235 compage
1713 2140 1932 2225 cohaereat,

229 2261 342 2351 sicuti
363 2282 540 2354 gemma,
575 2261 736 2334 corticis
760 2259 818 2334 sui
836 2256 986 2334 scutulo
1009 2258 1324 2357 appendiculata,
1357 2280 1447 2334 cum
1472 2261 1626 2336 arboris
1648 2284 1764 2338 ramo
1787 2266 1826 2337 in
1850 2290 1933 2342 em-

229 2387 485 2489 plastratione
505 2384 704 2460 commissa
723 2385 790 2461 en
840 2380 997 2482 Nempe
1015 2387 1054 2459 in
1077 2386 1260 2460 omnibus
1279 2388 1369 2462 veri
1384 2387 1560 2461 nominis
1576 2383 1833 2484 Graminibus
1848 2416 1933 2465 car-

230 2514 373 2590 nosum
397 2510 594 2607 quoddam
618 2512 658 2587 &
682 2508 945 2610 compressum
966 2514 1170 2608 reperitur
1191 2510 1497 2610 corpusculum,
1543 2515 1650 2609 quod
1672 2540 1727 2591 ex
1751 2517 1877 2590 altera
1908 2520 1934 2592 s.

232 2643 440 2719 exteriore
462 2638 529 2712 fua
546 2645 660 2735 parte
676 2637 969 2737 planiusculum
993 2649 1063 2712 aut
1085 2638 1191 2714 sulco
1217 2639 1492 2733 longitudinali
1510 2650 1750 2717 excavatum
1780 2641 1854 2726 est,
1893 2646 1934 2719 in

232 2791 315 2866 quo
341 2765 511 2860 embryo
528 2758 653 2859 jacet,
690 2786 744 2837 ex
766 2765 893 2839 altera
914 2788 1018 2841 vero
1038 2764 1272 2859 aequabilem
1300 2763 1419 2841 habet
1438 2763 1706 2862 superficiem,
1750 2788 1828 2861 qua
1855 2771 1935 2868 ipsa

232 2894 420 2970 albumini
450 2899 622 2966 externe
638 2882 839 2984 jundtum,
882 2889 1090 2985 eidemque
1117 2889 1225 2986 quasi
1247 2889 1538 2985 agglutinatum
1564 2887 1631 2964 est.
1681 2887 1935 2987 Singularem

232 3021 335 3097 hanc
352 3016 492 3096 Vitelli
511 3017 700 3114 speciem,
730 3018 899 3114 proprio
918 3014 1061 3095 Scataili
1085 3012 1294 3114 cotyledorei
1318 3018 1480 3091 nomine
1503 3011 1798 3110 distinguimus,
1829 2994 1955 3095 eam.‘

233 3166 314 3244 que
343 3168 419 3246 pro
439 3138 685 3217 essentiali&
705 3137 1015 3217 chara'tteristica
1034 3138 1273 3217 Graminum
1291 3152 1387 3215 nota
1401 3148 1516 3215 tanto
1540 3142 1805 3221 confidentius
1820 3146 1937 3223 habe·

234 3292 346 3356 mus,
382 3267 491 3366 quod
509 3263 732 3344 Scutellum
752 3271 793 3343 in
813 3268 876 3344 his
899 3270 1049 3365 absque
1077 3270 1317 3365 exceptione
1342 3266 1549 3353 omnibus,
1586 3274 1722 3347 necin
1747 3269 1830 3346 ullo
1857 3274 1935 3348 alio

235 3401 397 3494 cognito
418 3395 573 3475 semine,
593 3390 785 3471 hac‘tenus
806 3406 1015 3494 repertum
1046 3394 1104 3469 sit.
1154 3392 1309 3486 Figura
1331 3396 1368 3468 ei
1391 3395 1530 3471 varia:
1584 3404 1633 3469 ut
1657 3397 1873 3474 orbiculata
1896 3404 1937 3476 in

234 3525 377 3609 Eriza,
408 3522 581 3620 elliptica
604 3521 644 3593 in
661 3518 866 3605 Cenchro,
904 3523 1075 3616 oblonga
1088 3523 1129 3594 in
1147 3517 1313 3601 Melica,
1344 3517 1564 3593 lanceolata
1585 3521 1624 3592 in
1643 3518 1823 3609 Zizania,
1848 3527 1937 3602 sub.

235 3650 459 3753 parabolica
477 3649 517 3721 in
540 3644 794 3731 Cerealibus,
820 3647 860 3722 &
876 3647 950 3720 alia
964 3650 1004 3721 in
1021 3646 1126 3729 aiiis;
1165 3645 1320 3742 semper
1340 3664 1443 3717 vero
1464 3642 1828 3741 compreffiuscula‚
1861 3651 1938 3726 &a

236 3786 352 3878 parte
375 3774 602 3857 exteriore,
628 3793 821 3858 concava,
851 3772 898 3846 ab
914 3773 1105 3849 interiore
1121 3778 1253 3842 autem
1269 3767 1337 3840 seu
1357 3766 1516 3849 dorsali,
1541 3790 1735 3845 convexa.
1799 3771 1937 3852 Consis

236 3905 378 3980 stantia
396 3901 483 3976 sere
499 3900 654 3983 eadem,
687 3921 779 3994 quae
802 3897 1016 3993 embryoni
1031 3894 1119 3995 ipsr,
1150 3916 1296 3993 nempe
1319 3889 1840 3987 amygdaloideo-carnosa,
1865 3902 1937 3976 du-

237 4031 429 4114 riuscuia,
453 4026 505 4101 .&
523 4027 593 4102 vei
614 4024 797 4111 candida,
835 4025 904 4102 vel
924 4024 1206 4099 sublutescens.
1263 4016 1376 4096 Situs
1401 4018 1557 4115 semper
1583 4019 1624 4090 in
1649 4019 1841 4102 inferiore
1869 4039 1940 4105 aut

237 4156 391 4233 laterali
408 4154 620 4227 albuminis
640 4161 776 4249 parte,
800 4160 848 4226 ut
863 4148 1047 4228 detrattis
1069 4148 1382 4246 integumentis,
1414 4142 1543 4218 statim
1566 4146 1737 4243 embryo
1760 4132 1849 4228 cum
1868 4155 1939 4230 suo

240 4278 418 4372 scutelio,
460 4286 579 4352 extra
606 4280 799 4355 albumen·
819 4277 964 4376 polito,
1003 4270 1322 4374 inconspectum
1351 4273 1526 4348 veniant.
1599 4270 1747 4349 Nexus
1770 4273 1944 4374 denique

240 4429 330 4481 cum
343 4406 543 4479 albumine
560 4402 713 4489 nullum
739 4405 807 4480 vel
825 4401 958 4477 saltem
979 4425 1061 4477 non
1077 4403 1309 4495 organicus,
1334 4394 1399 4471 sed
1412 4420 1525 4472 mere
1544 4398 1820 4497 superficialis;
1846 4429 1941 4480 con-

240 4540 304 4607 tra
322 4540 456 4606 autem
480 4552 571 4605 cum
595 4530 836 4624 embryone‚
874 4524 1106 4602 arstillimus
1128 4527 1168 4602 &
1194 4527 1349 4622 semper
1368 4544 1497 4624 prope
1514 4523 1700 4600 radiculae
1722 4529 1831 4604 initia
1853 4552 1942 4605 con·

192 4749 196 4757 ,
241 4658 420 4756 spicuus,
451 4665 499 4730 ut
518 4657 570 4729 ibi
590 4652 737 4731 scutelii
752 4664 870 4749 atque
888 4654 1122 4750 embryonis
1145 4650 1352 4727 substantia
1372 4651 1411 4722 in
1430 4670 1556 4723 unum
1578 4673 1726 4749 corpus
1751 4653 1942 4732 indiscre-

240 4792 329 4857 tum
347 4780 509 4859 confusa
530 4780 586 4855 nc
643 4778 831 4859 PlumuIa
847 4789 980 4856 autem
1002 4776 1304 4858 constantissime
1323 4776 1447 4853 libera
1468 4775 1542 4861 est,
1577 4777 1617 4852 &
1635 4780 1848 4855 universus
1863 4804 1943 4857 em·

1816 4908 1941 5002 bryo,

287 5048 329 5114 1.)
352 5039 429 5101 Hit.
451 5034 544 5122 plant.
567 5055 592 5103 ι.
614 5057 644 5120 p.
