4852 6062
563 474 640 529 rav
1260 462 1564 513 ΞΞΞ-’Ξ

562 667 711 742 nodum
742 667 875 758 solvit,
902 640 1080 741 irritium'
1091 672 1134 737 et
1149 663 1267 761 plane
1292 662 1444 736 nullum
1468 662 1545 754 est,
1585 661 1793 760 postquam
1813 660 2240 739 Koscunurcuns

560 791 635 892 (r)
665 795 824 869 modum
843 794 995 875 docuit,
1034 814 1114 884 quo
1140 791 1332 863 naturalis
1348 791 1527 885 qiaaedam
1551 789 1698 884 species
1719 789 1881 885 plantae,
1915 791 1953 861 in
1977 790 2094 862 aliam
2118 790 2242 866 itidem

559 921 779 994 naturalem
807 924 966 1017 penitus
990 919 1267 999 transmutari,
1294 918 1336 990 dt
1356 927 1639 996 transmutata,
1666 938 1740 1013 pro
1765 917 1890 987 lubitu
1922 914 2082 1006 nostro,
2110 918 2151 987 in
2167 918 2241 1013 pri·

558 1042 701 1120 stinum
729 1045 840 1119 fuum
860 1043 1000 1119 statum
1030 1046 1176 1117 iterum
1202 1044 1336 1118 reduci
1358 1038 1484 1139 possa.
1545 1039 1698 1123 Unicus
1719 1040 1817 1113 felix
1846 1040 1953 1114 istius
1980 1026 2243 1137 experimenti

554 1179 752 1250 eventus,
791 1174 925 1244 omnia
939 1166 1097 1264 jugulat
1116 1173 1294 1263 germina
1315 1165 1629 1264 praeformata&
1653 1164 1951 1238 luculentillime
1969 1167 2101 1251 docet,
2141 1168 2245 1261 quod

556 1315 680 1370 novae
704 1296 849 1370 formae
870 1297 971 1369 ratio
993 1318 1075 1369 non
1099 1300 1135 1368 in
1161 1297 1380 1368 nutritione
1398 1291 1609 1385 quaerenda
1630 1290 1692 1375 lit,
1725 1294 1814 1385 quia
1830 1297 1960 1369 onmis
1976 1295 2107 1386 devia,
2143 1319 2167 1366 a
2182 1317 2244 1368 na-

555 1424 673 1497 turali
702 1422 769 1496 suo
793 1424 970 1503 tramite,
1004 1424 1192 1504 nutritio,
1226 1421 1518 1500 deformitates,
1552 1418 1715 1490 morbos
1741 1417 1782 1491 dt
1801 1417 2134 1504 moniti-odraus,
2165 1443 2243 1495 non

555 1540 656 1622 vero
689 1549 958 1621 harmonicam
989 1550 1161 1645 partiam
1189 1546 1375 1619 fabricam
1403 1543 1597 1640 producit
1665 1542 1918 1639 Atquivero
1946 1547 1985 1616 in
2006 1557 2244 1622 transmuta-

554 1676 663 1747 tione
688 1672 904 1771 fpecierum
936 1696 1011 1775 per
1037 1672 1295 1746 intermedios
1322 1670 1470 1765 gradus
1495 1669 1689 1763 hybridas
1714 1681 1894 1766 operata,
1936 1673 2044 1744 nulla
2072 1696 2245 1768 unquam

554 1796 809 1882 deformitas,
843 1800 904 1873 fed
929 1801 1063 1899 potius
1082 1796 1367 1875 evidentillima
1387 1794 1606 1895 progrellio
1625 1796 1852 1868 harmonica
1872 1800 1994 1878 unius
2018 1798 2160 1875 formae
2180 1823 2246 1873 na-

554 1924 695 1998 turalis
723 1928 761 1996 in
785 1925 899 1998 aliam
916 1920 1169 1999 observatur:
1213 1923 1328 2017 Ergo
1352 1903 1429 1996 nee
1450 1923 1561 1995 causa
1582 1921 1766 2016 hybridae
1786 1922 1928 1996 formae
1950 1927 1988 1996 in
2011 1930 2245 2011 nutritione,

553 2071 628 2124 nec
651 2053 875 2149 plantarum
898 2050 1158 2145 hybridarum
1179 2061 1294 2124 ortus
1317 2052 1357 2120 in
1377 2052 1560 2142 germine
1579 2047 1859 2146 praeformato,
1897 2070 1971 2123 nec
1994 2049 2168 2146 deniqne
2191 2055 2246 2152 ip-

549 2175 590 2249 sa
612 2179 835 2271 germinum
859 2177 1132 2274 praeformatio
1158 2180 1197 2249 in
1223 2174 1460 2250 veritate&
1489 2172 1643 2248 Natura
1667 2173 1829 2247 fundata
1851 2172 1927 2246 elle
1947 2177 2115 2273 poliunt
2150 2178 2247 2274 Qui-

552 2304 627 2376 bus
647 2316 843 2401 praeterea
864 2304 1013 2384 modis,
1040 2301 1245 2375 nonnullis
1270 2300 1471 2398 placuerit,
1498 2299 1620 2397 sopita
1639 2303 1675 2371 in
1697 2302 1830 2374 ovulis
1853 2305 2030 2393 germina
2046 2306 2247 2398 evigilari:

551 2449 654 2501 anne
684 2428 800 2502 seila
825 2428 982 2504 stimulo
1008 2428 1215 2524 spermatis
1235 2427 1445 2507 halituoioa
1489 2436 1559 2498 aut
1584 2426 1631 2498 ab
1653 2424 1920 2501 obstructione
1945 2429 2133 2504 vasorum
2158 2430 2249 2524 stig-

551 2558 668 2628 matis
691 2556 965 2628 exhalantium
992 2550 1083 2645 (a)‚
1128 2566 1241 2626 anta
1264 2552 1499 2626 redundanti
1526 2554 1821 2651 filamentorum
1849 2553 2020 2626 humore
2045 2552 2141 2651 (3);
2182 2566 2251 2631 aut

551 2678 720 2774 denique
740 2706 762 2753 a
785 2682 965 2779 resorpto
996 2676 1157 2752 nestarii
1181 2678 1293 2752 succo
1318 2679 1389 2771 (4)
1412 2675 1668 2753 excitentur?
1711 2678 1748 2751 id
1771 2700 1891 2751 omne
1911 2680 2130 2766 lilebimus,
2163 2695 2250 2757 uta

548 2807 674 2902 longo
696 2819 881 2905 tempore
901 2805 1140 2888 obdormita,
1165 2826 1240 2902 per
1258 2826 1358 2887 nos,
1393 2807 1433 2877 in
1454 2827 1573 2878 omne
1596 2827 1731 2881 aevnm
1756 2804 1905 2902 placide
1924 2811 2192 2902 requiescant.

646 3014 742 3091 Non
772 3016 872 3089 alius
895 3016 1015 3108 igitur
1038 3014 1242 3091 rationalis
1262 3014 1435 3113 suppetit
1459 3013 1620 3106 modus,
1656 3037 1738 3110 quo
1756 3037 1879 3109 novae
1897 3015 2042 3092 sobolis
2061 3034 2186 3097 ortus
2210 3020 2250 3096 dt

549 3140 738 3217 formatio
756 3144 914 3242 operari
936 3140 1062 3241 pellit,
1090 3150 1360 3239 praeterquam
1376 3141 1442 3215 ille
1458 3140 1572 3227 folus,
1598 3163 1717 3235 quem
1732 3136 1815 3237 jam
1831 3155 1994 3218 veteres
2008 3144 2249 3230 docuerunt,

529 3265 589 3341 -dt
610 3269 679 3360 qui
706 3272 745 3341 in
762 3268 927 3367 limplici
946 3269 1106 3343 miscela
1121 3268 1317 3361 geniturae
1335 3269 1545 3360 utriusque
1573 3261 1694 3341 sexus
1716 3268 1756 3342 dt
1782 3271 1822 3340 in
1842 3272 2045 3369 reciproce
2069 3296 2249 3374 propor-

543 3395 699 3468 tionata
720 3393 885 3493 duplicis
905 3395 1111 3493 spermatis
1133 3394 1285 3468 virtute
1302 3392 1492 3467 fundabis
1512 3392 1579 3466 ert
1629 3392 1840 3468 Hocenim
1861 3417 2003 3471 verum
2019 3397 2097 3474 elle
2116 3403 2252 3474 omnis

547 3522 820 3613 generationis
843 3523 1106 3618 principium,
1152 3539 1236 3591 non
1265 3515 1389 3592 solum
1414 3542 1472 3592 ex
1496 3516 1687 3593 hactenus
1708 3517 1819 3595 uictis
1851 3522 2079 3608 conficitur,
2124 3526 2191 3600 sed
2214 3524 2250 3600 id

541 3667 707 3740 quoque
732 3646 943 3720 confirmat
970 3641 1307 3739 frequentillimus
1329 3666 1403 3740 per
1427 3645 1656 3726 universum
1678 3648 1904 3722 viventium
1928 3670 2141 3745 regnuma
2167 3649 2251 3726 Na·

545 3781 638 3845 tura
663 3771 863 3846 institutus
883 3773 1002 3847 sexus
1024 3771 1194 3868 duplex3
1230 3769 1267 3843 id
1289 3769 1433 3843 docent
1461 3772 1689 3844 animalium
1716 3783 1874 3869 partus,
1917 3774 2121 3871 saepillime
2146 3780 2275 3853 utri-¹

546 3920 625 3992 que
652 3908 861 3995 parentum
884 3897 1051 3982 limiles;
1082 3897 1118 3969 id
1140 3898 1312 3970 innuunt
1331 3896 1511 3995 diphytae
1536 3898 1717 3995 inprimis
1741 3898 1905 3994 plantae,
1932 3922 2023 3995 quae
2043 3926 2101 3978 ex
2126 3904 2168 3979 fe
2193 3906 2252 4004 ip-

475 4076 478 4081 ,
541 4023 616 4107 lis,
641 4025 697 4096 nil
723 4022 793 4095 nili
821 4033 952 4099 mares
973 4032 1043 4110 aut
1062 4021 1230 4112 feminas
1253 4023 1411 4097 seorlim
1436 4026 1475 4098 in
1500 4026 1687 4116 gennnis3
1714 4046 1767 4098 ex
1788 4026 1929 4122 copula
1949 4037 2102 4120 autem,
2142 4030 2252 4111 sobo·

546 4150 624 4223 lem
649 4148 898 4222 diversorum
928 4170 1121 4242 generum
1144 4143 1310 4241 jundtim
1344 4150 1385 4220 in
1417 4148 1630 4223 seminibus
1650 4149 1885 4245 proferunt;
1941 4150 1980 4224 dc
2004 4152 2042 4225 id
2074 4153 2254 4249 denique

547 4273 614 4348 vel
642 4275 813 4349 maxime
834 4278 1024 4348 evirrcunt
1050 4274 1197 4370 plantae
1216 4273 1418 4368 hybridae,
1445 4296 1615 4369 quarum
1638 4278 1715 4374 ipsa
1732 4277 1862 4371 figura
1884 4288 2073 4360 externa,
2103 4283 2259 4355 misce.

546 4400 624 4471 lam
649 4401 863 4492 imaginum
887 4404 1098 4493 utriusque
1123 4399 1280 4474 snorum
1301 4410 1511 4497 parentum
1529 4401 1754 4478 luculenter
1775 4405 1952 4479 exhibet.
2004 4404 2115 4479 Hinc
2138 4404 2253 4480 nullo

536 4544 626 4598 non
654 4534 837 4626 tempore
866 4525 952 4599 haec
983 4523 1188 4609 doctrina,
1216 4536 1357 4624 utpote
1381 4525 1651 4625 hmplicillima
1669 4539 1790 4625 atque
1814 4527 2112 4623 naturalium,
2158 4532 2254 4607 suos

2107 4657 2255 4760 habuit

589 4839 633 4915 ι.)
654 4840 752 4898 Drirte
776 4836 903 4899 Fortsez.
927 4857 956 4919 p.
980 4853 1019 4911 ςι.
1041 4835 1121 4919 seqq.
1454 4840 1503 4920 3.)
1526 4838 1718 4903 PonTan.
1740 4839 1863 4903 Anthol.
1885 4862 1916 4925 p.
1937 4848 1987 4922 67.

584 4986 632 5049 a.)
656 4982 861 5041 Bossscx.
884 4972 1000 5039 niffen.
1025 4976 1061 5037 de
1084 4976 1253 5061 antheryp.
1277 4988 1321 5053 48.
1454 4983 1677 5054 ardema.
1701 4985 1805 5047 Βοιὴη.
1824 4979 1934 5055 Effare.
1955 5000 1985 5067 p.
2007 4992 2073 5059 27⁸·
