4866 6068
455 474 512 573 ra
1142 433 1453 549 πψτ-

505 679 608 755 sin.
635 685 907 751 nucamentacea,
931 661 1042 762 plura,
1065 689 1086 742 a
1104 660 1294 764 quindecim
1316 658 1357 732 ad
1371 662 1518 756 triginta,
1553 653 1698 757 elliptico
1713 652 1928 755 lpharoidea,
1964 679 2020 733 aut
2041 680 2154 738 rotun·

604 771 676 842 dius
701 758 852 864 globosa,
883 766 973 859 apice
994 761 1079 853 ssylo
1100 763 1188 833 brevi
1213 757 1398 858 persistente
1417 760 1612 837 terminata,
1653 753 1717 826 basi
1736 754 1954 830 minutissimo
1978 785 2062 859 poro
2080 786 2154 834 um·

604 865 723 941 bilicali
738 880 865 943 notata,
889 858 1017 956 glabra,
1046 864 1252 957 nigricantia,
1274 874 1329 926 aut
1347 847 1521 924 rufescenti
1533 897 1544 909 -
1557 848 1654 925 fusca.

508 1004 605 1071 lior.
634 987 771 1086 duplex:
809 988 959 1061 exterius
977 989 1143 1056 coriaceo-
1159 1007 1337 1062 corneum,
1363 977 1504 1062 durum,
1530 979 1789 1062 tenacillimum,
1811 979 1955 1069 evalve3
1991 985 2154 1069 interius,

606 1087 859 1160 membranaceo
889 1077 1119 1180 spongiosum,
1164 1076 1429 1161 craffiusculurn,
1475 1076 1554 1150 vasis
1580 1084 1718 1152 nutritiis
1747 1073 1957 1151 liliformibur
1983 1081 2154 1181 llipatum,

605 1185 704 1258 rubro
733 1177 968 1278 ferrugineum.

507 1324 606 1393 Aua.
632 1308 775 1383 nullum.

507 1448 609 1516 Vrr.
635 1430 966 1528 cotyledoniformis,
991 1429 1203 1530 amygdalino
1220 1422 1388 1512 carnosus,
1412 1427 1513 1523 albus,
1537 1423 1631 1527 l‘upra
1644 1434 1887 1529 integerrimus,
1911 1425 1997 1502 infra
2011 1427 2156 1520 bilobus3

607 1545 694 1701 inm?
716 1558 776 1645 pro
799 1528 987 1632 recipiendo
1013 1533 1197 1623 embryone
1230 1544 1424 1614 excavatus,
1471 1546 1563 1598 extus
1585 1522 1715 1599 seminis
1741 1527 1960 1627 magnitudini
1984 1536 2018 1603 bt
2043 1528 2177 1628 figurae*

608 1660 672 1706 con
690 1656 806 1707 ornus.

508 1770 618 1840 Eur.
646 1753 809 1840 inversus,
835 1762 868 1830 in
890 1751 1039 1855 suprema
1057 1772 1147 1851 parte
1170 1747 1273 1823 vitelli
1296 1750 1476 1830 radicatus,
1499 1753 1671 1847 gramineo
1696 1750 1830 1834 viridia,
1855 1756 2054 1849 germinans.
2085 1757 2158 1826 Sca·

632 1881 671 1926 ur
687 1852 935 1934 teretiusculus,
960 1849 1172 1924 breviffimuo.
1220 1847 1386 1927 Plumula
1410 1846 1575 1949 diphylla:
1601 1843 1723 1920 foliolis
1745 1868 1886 1950 utroque
1901 1859 2049 1948 margine
2066 1854 2159 1924 inro-

605 1883 699 2037 lirtis,
721 1950 906 2051 petiolatis:
930 1948 1061 2049 petiolis
1077 1943 1197 2021 foliolo
1214 1944 1443 2045 longioribus,
1467 1950 1503 2020 in
1526 1943 1639 2020 medio
1652 1944 1824 2045 replicarit.

1302 2189 1319 2228 0

602 2288 1063 2362 α.)ὶὶειιριιιιι1ιιπιεοιιιηιιιιιε,
1098 2280 1214 2337 naturali
1234 2284 1314 2351 paulo
1335 2284 1440 2347 minus,
1473 2280 1585 2337 alveolis
1625 2261 1680 2353 β.)
1701 2282 1859 2338 feminileris
1879 2285 2057 2357 exsculptum.
2109 2287 2159 2355 b.)

601 2392 668 2449 Nur
689 2389 802 2456 integra.
852 2390 896 2454 c.)
913 2387 1019 2442 Eadem
1039 2384 1268 2455 longitudinaliter
1288 2393 1396 2453 aperta,
1423 2398 1485 2437 curn
1504 2381 1571 2437 valis
1591 2382 1682 2436 nuclei
1694 2382 1821 2437 nutritiis.
1870 2385 1917 2452 d)
1938 2384 2008 2456 Ejus
2029 2386 2056 2441 br
2076 2384 2160 2441 vitelii

601 2490 677 2545 renio
694 2485 886 2542 transversalls.
924 2490 969 2552 e)
989 2483 1104 2541 vitellus
1124 2482 1311 2538 decorticatos.
1346 2481 1390 2549 i.)
1410 2479 1487 2535 Idem
1507 2480 1667 2551 bipartitus,
1689 2496 1751 2536 cum
1769 2481 1819 2537 fito
1838 2484 1999 2552 embryonlo.
2041 2497 2068 2551 p.
2084 2484 2111 2537 lr.
2124 2483 2159 2549 i.)

602 2587 695 2645 Vitelli
720 2587 748 2640 in
777 2601 848 2657 aqua
868 2566 1019 2654 germinare
1036 2582 1189 2654 incipientis
1209 2580 1291 2641 lacior
1310 2579 1340 2635 dt
1359 2578 1520 2649 magnitudo
1538 2582 1680 2645 naturalls,
1716 2583 1774 2645 li.)
1791 2581 1927 2637 Plumulac
1937 2581 2058 2638 foliolum
2071 2592 2159 2637 uaris·

601 2685 695 2743 versrm
714 2683 822 2744 sebum,

560 2809 819 2909 Receptaculum
835 2813 870 2879 in
884 2806 951 2879 aliis
969 2834 1004 2880 ar
1051 2826 1094 2892 te,
1116 2812 1150 2877 in
1170 2804 1239 2877 aliis
1256 2801 1440 2904 paraBolice
1454 2809 1621 2898 conicum,
1645 2809 1681 2876 iu
1698 2803 1766 2877 aliis
1783 2801 1853 2878 fero
1864 2801 2159 2905 hemisphaericum,

610 2916 645 2985 ἀ
667 2912 788 2978 iremrn
806 2910 840 2976 in
855 2904 923 2975 aliis
936 2911 979 2976 ita
1017 2899 1199 3001 eprellum,
1223 2922 1261 2973 ut
1284 2896 1416 2975 enisam
1435 2902 1620 3001 placentam
1639 2901 1816 2975 rotundam
1839 2904 2020 2976 aemuletur.
2052 2908 2160 2977 Etiam

612 2993 815 3077 conlillentii
829 3005 950 3072 variat:
984 3006 1018 3071 in
1033 3000 1100 3072 aliie
1121 2993 1187 3071 scil.
1205 2993 1360 3096 fungosa,
1395 3018 1432 3072 ut
1451 2997 1483 3071 di
1508 3003 1557 3070 itis
1579 2994 1674 3072 facile
1697 3005 1874 3099 comprimi
1893 3018 1990 3101 queat
1998 3028 2011 3088 3¹
2039 3004 2075 3071 in
2092 3000 2160 3071 aliis

609 3095 758 3173 suberosa
778 3102 949 3170 &iterum
970 3101 1003 3165 iu
1022 3095 1090 3168 aliis
1115 3094 1274 3168 crustaeea
1296 3104 1331 3170 δι
1357 3097 1437 3170 dura
1463 3024 1519 3178 ei.
1567 3101 1721 3199 Denique
1746 3097 1989 3172 &cellularum
2003 3121 2161 3171 numerus

610 3202 734 3279 varius,
759 3220 882 3293 nempe
902 3223 920 3265 a
936 3190 1114 3265 duodecim
1128 3191 1169 3264 ad-
1187 3197 1327 3291 triginta.

559 3316 711 3416 Ambigit
731 3316 901 3391 Nelumbo
919 3324 1002 3390 inter
1019 3316 1140 3419 plantas
1160 3344 1265 3389 mono
1277 3362 1287 3374 -
1300 3326 1333 3392 ὅ(
1359 3316 1629 3409 dicoryledones:
1665 3347 1743 3392 nam
1761 3321 1801 3395 ad
1820 3320 2032 3420 posteriores,
2058 3346 2099 3395 ex
2116 3314 2162 3393 fa·

609 3418 696 3489 brica
713 3411 867 3498 seminis,
898 3421 1039 3488 omnino
1054 3411 1195 3513 spediare
1216 3413 1363 3504 videtur3
1401 3410 1455 3488 sed
1473 3415 1634 3489 veriffime
1653 3417 1693 3489 ad
1711 3425 1835 3518 priores
1859 3424 2018 3517 pertinet,
2056 3443 2162 3518 quum

608 3509 860 3585 conllmtillime
884 3519 1022 3585 unicum
1044 3511 1198 3584 duntaxat
1224 3508 1283 3584 sub
1302 3517 1541 3610 germinatione
1561 3535 1693 3614 promat
1717 3511 1899 3599 foliolum,
1938 3544 2001 3588 nec
2021 3515 2162 3588 alterum

608 3610 764 3712 prodeat,
800 3608 906 3682 donec
928 3617 1015 3709 prius
1035 3615 1164 3708 penitus
1188 3609 1361 3682 evolutum
1383 3619 1417 3683 dt
1439 3606 1534 3709 super
1552 3639 1635 3712 aqua
1654 3614 1852 3711 explicatum
1876 3613 1937 3686 sit:
1974 3619 2024 3687 uti
2038 3616 2104 3688 hoc
2126 3617 2162 3685 in

608 3712 844 3810 quinquaginta
867 3715 901 3783 dt
926 3707 1073 3808 pluribus
1094 3708 1252 3793 nucibus,
1280 3736 1298 3780 a
1316 3709 1347 3780 b.
1369 3713 1517 3783 Laneus
1536 3715 1694 3809 acceptia,
1714 3731 1866 3811 expertus
1882 3706 1967 3785 sum.

662 3971 890 4054 LXXXVI.
917 3974 1203 4054 BUTOMUS.
1229 3976 1426 4053 Tounn.
1447 3988 1474 4051 t.
1501 4001 1577 4080 143.
1603 3974 1755 4057 Lirim
1778 4004 1859 4077 gen.
1871 3995 1957 4080 507.

558 4178 698 4262 Corolia
722 4180 920 4277 hexapetala.
944 4282 947 4287 ἱ
970 4188 1073 4257 Stam.
1093 4210 1226 4259 novem.
1276 4179 1424 4283 Caplulae
1444 4178 1507 4256 sex.
1557 4190 1690 4260 Semina
1709 4183 1884 4286 parietalr'a.
1932 4183 2047 4261 Embr.
2061 4185 2098 4260 in
2111 4209 2160 4259 re·

605 4289 706 4380 gione
731 4277 889 4351 umbilico
910 4282 1069 4380 oppofita‚
1948 4298 1951 4303 .

461 4409 636 4478 Burouus
662 4400 808 4474 floridus.
834 4404 921 4476 Tab.
943 4433 989 4499 19.
1011 4407 1069 4505 lig.
1088 4434 1117 4497 3.

558 4523 703 4633 juncus
711 4527 874 4624 floridus.
904 4535 1015 4604 Cnu.
1040 4537 1121 4632 epit.
1141 4552 1219 4636 781.

557 4650 702 4758 ὅπως
721 4652 916 4753 cyperoider
935 4655 1132 4756 paludosus.
1162 4668 1277 4737 Βειι.
1301 4661 1390 4743 hort.
1416 4666 1511 4768 Eyst.
1538 4689 1632 4740 uerrn
1656 4663 1727 4741 IX.
1744 4676 1770 4740 l.
1799 4688 1834 4767 4.
1844 4662 1878 4763 s.
1902 4688 1940 4765 4.

555 4778 737 4857 Butomur.
768 4786 907 4855 llari.
927 4779 999 4885 list.
1023 4808 1056 4861 2.
1078 4811 1109 4861 rr.
1128 4790 1225 4873 1186.
1244 4793 1371 4863 Lrun.
1386 4789 1470 4894 ΙΙΙ.
1491 4816 1568 4889 urg.
1585 4806 1671 4895 385.

554 4899 638 4977 Icorr
661 4906 827 4976 Oronti.
844 4905 929 5001 flor.
952 4901 1030 4983 dan.
1052 4918 1080 4984 t.
1100 4907 1182 5005 604.
1617 4906 1623 4913 ⁴
