4878 6064
485 455 657 516 ccxxiv
1189 461 1499 521 „m

578 671 651 749 Uti
664 674 800 759 autem
816 669 904 747 vita
914 661 1160 760 ⁴embryonis
1176 664 1268 742 suos
1291 664 1410 743 babet
1424 667 1643 751 terminos,
1668 671 1788 760 atque
1804 663 2077 744 variabantur
2095 691 2185 746 eam

484 798 741 879 conservandi
754 794 939 878 artifieia3
962 792 1017 866 ita
1042 809 1208 886 quoque
1222 789 1402 869 evolutio
1421 791 1446 866 s.
1465 793 1703 891 germinatio
1723 792 1837 868 suam
1857 794 1977 871 habet
2005 804 2182 896 tompus,

488 937 608 1024 atque
628 927 741 1005 varia
754 922 900 997 dantur
914 940 1001 996 eam
1016 915 1217 995 excitandi
1239 925 1360 1012 atque
1380 919 1647 1017 promovendi
1661 919 1906 998 adminicula.

581 1134 774 1217 Citiffime
795 1134 984 1210 nimirum
1007 1131 1189 1229 quaedam
1209 1132 1357 1208 semina
1379 1138 1607 1229 germinant
1632 1135 1673 1210 &
1697 1136 1802 1210 intra
1824 1131 2077 1233 nydthemeri
2098 1134 2183 1235 spa·

481 1269 583 1342 tium
598 1266 728 1365 prima
743 1264 810 1338 sua
827 1259 1002 1337 fundunt
1021 1257 1177 1334 foliola:
1207 1260 1266 1334 uti
1278 1257 1451 1334 Milium.
1501 1258 1594 1335 Alia
1613 1284 1736 1346 vero,
1761 1283 1887 1357 eaque
1906 1262 2096 1362 plurima,
2123 1264 2185 1361 in·

479 1401 544 1469 tra
561 1394 732 1492 primam
749 1390 1005 1490 septimanam
1032 1385 1178 1461 soetum
1198 1384 1345 1460 edunt:
1371 1393 1418 1459 ut
1436 1378 1662 1481 Siliquosae,
1695 1383 1960 1486 Composrtae,
1992 1384 2183 1481 Legumi-

481 1519 608 1604 nosae3
633 1518 729 1601 alia,
754 1510 909 1589 nonnisi
929 1514 997 1589 sub
1017 1513 1140 1588 finem
1163 1512 1284 1609 primi
1306 1509 1470 1586 mensis:
1499 1521 1546 1584 ut
1564 1507 1824 1589 Verticillatae
1848 1514 1889 1589 δι
1912 1508 2184 1591 Umbelliferae

479 1646 624 1729 variae,
649 1641 723 1716 alia
742 1641 830 1741 post
853 1643 1054 1735 integrum
1076 1659 1249 1713 annum:
1274 1646 1322 1721 ut
1343 1633 1664 1735 Melampyrum,
1696 1634 1876 1726 Paeonia,
1909 1639 2118 1747 Castanea3
2142 1639 2183 1716 δι

480 1770 651 1865 denique
666 1770 812 1844 iterum
831 1767 906 1841 alia
920 1765 1008 1866 post
1030 1766 1250 1841 biennium:
1275 1771 1323 1837 ut
1336 1760 1521 1857 Cornus,
1542 1762 1664 1851 Rosa,
1689 1762 1956 1864 Corylusbm.
2007 1764 2086 1846 Sed
2098 1776 2183 1843 ter-

479 1898 578 1973 mini
598 1895 657 1972 isti
676 1916 927 1990 nequaquam
950 1896 1004 1967 ita
1023 1891 1176 1968 stabiles
1197 1892 1304 1976 sunt,
1329 1893 1426 1986 quin
1455 1895 1668 1989 praeverti,
1705 1902 1776 1966 aut
1796 1894 1988 1973 retardari
2010 1893 2180 1969 multum

395 2074 396 2078 κ
478 2029 638 2118 queant.
687 2022 913 2113 Plurimum
925 2018 1001 2095 scil.
1024 2040 1149 2095 novae
1170 2016 1318 2115 plantae
1341 2019 1534 2091 maturior
1555 2025 1784 2116 proventus
1806 2043 1828 2093 a
1851 2016 2040 2101 calore&
2063 2019 2178 2102 coeli,

478 2147 837 2248 tempestatumque
864 2145 1073 2222 clementia
1103 2143 1269 2243 pendet,
1306 2141 1346 2216 bc
1372 2142 1544 2217 multum
1568 2165 1730 2239 quoque
1754 2144 1842 2220 heic
1868 2146 1978 2224 valet
2004 2144 2177 2221 conditio

479 2287 623 2359 terrae,
649 2278 713 2349 cui
731 2275 876 2350 semina
892 2270 1128 2355 creduntur3
1156 2256 1378 2365 generatim
1395 2277 1526 2344 tamen
1543 2270 1795 2366 experientia
1807 2273 2087 2348 confirmatum
2100 2269 2177 2356 est,

477 2401 585 2496 quod
603 2401 888 2477 herbaceorum
905 2399 1131 2497 plantarum
1145 2396 1292 2471 semina
1307 2396 1433 2488 magis
1446 2397 1641 2491 praecocia
1659 2393 1753 2479 fine,
1779 2419 1898 2490 quam
1914 2398 2177 2493 lignosarum,

478 2528 519 2603 &
540 2522 649 2623 q'uod
675 2522 914 2610 vetustiora,
949 2521 1084 2599 finon
1108 2516 1291 2622 semper,
1321 2517 1560 2620 pierumque
1586 2510 1721 2596 umen
1752 2523 1905 2600 tardius
1930 2526 2178 2621 germinent,

475 2676 595 2756 quarn
619 2655 808 2738 recentia,

572 2832 828 2912 Adminicuia
859 2832 1048 2932 denique,
1081 2835 1414 2930 germinationem
1434 2835 1738 2931 promoventia,
1764 2831 1930 2934 duplicis
1951 2835 1992 2909 in
2012 2836 2177 2912 univer-

475 2966 560 3042 sum
577 2965 739 3058 generis
755 2961 863 3036 sbnt:
889 2961 964 3035 alia
978 2959 1053 3036 scil.
1065 2962 1212 3057 quibus
1232 2959 1446 3036 seminibus
1470 2955 1580 3057 ipsis,
1605 2958 1645 3034 dr
1662 2958 1757 3046 alia,
1785 2961 1931 3056 quibus
1953 2968 2095 3045 terrae,
2119 2962 2177 3038 se-

475 3093 583 3166 mina
597 3089 824 3188 recipienti,
849 3086 1003 3163 medela
1018 3085 1154 3166 afferri
1176 3087 1286 3163 solet.
1336 3082 1428 3171 Illa,
1457 3082 1593 3158 finon
1616 3084 1771 3186 semper
1791 3091 1956 3172 nociva,
1982 3095 2030 3162 ut
2051 3087 2177 3187 pluri·

475 3237 586 3295 mum
605 3223 740 3290 tamen
758 3210 975 3312 periculosa
988 3213 1100 3299 sunt,
1131 3216 1223 3311 quia
1244 3213 1457 3310 embryoni
1474 3202 1603 3307 major
1619 3215 1855 3289 nutrimenti
1872 3216 1983 3315 copia
1998 3215 2177 3310 suggeri·

476 3352 570 3427 tur,
596 3349 667 3415 aut
683 3342 803 3415 nimia
813 3337 996 3414 humoris
1007 3343 1206 3434 quantitas
1221 3341 1260 3416 in
1277 3340 1434 3418 seminis
1453 3340 1726 3432 integumenta
1736 3348 1929 3434 urgetur,
1952 3363 2069 3437 quam
2087 3363 2178 3436 quaa

472 3467 656 3569 proficua
672 3464 748 3544 esse
770 3462 912 3564 poffit,
937 3466 1006 3544 vel
1022 3465 1068 3541 ,δι
1086 3468 1178 3559 quia
1201 3444 1306 3541 inter
1331 3467 1518 3541 macerati
1544 3466 1702 3541 seminis
1724 3473 1845 3560 atque
1868 3476 1992 3542 terrae
2010 3467 2050 3544 bt
2074 3478 2176 3544 tem·

473 3593 636 3696 pestatis
650 3586 944 3676 conditionem,
969 3614 1053 3667 non
1072 3594 1227 3693 semper
1236 3588 1339 3690 justa
1358 3592 1398 3669 δι
1419 3593 1669 3667 conveniens
1685 3592 1857 3667 obtineri
1875 3593 2006 3692 potest
2023 3604 2176 3692 tempe-

473 3725 568 3796 ries.
621 3716 999 3824 Hinctlentiffimam
1032 3718 1324 3818 resorptionem
1342 3719 1529 3821 simplicis
1550 3725 1705 3792 tantrnn
1732 3713 1877 3795 halitus
1896 3719 2050 3815 aquosi,
2088 3745 2174 3795 om·

471 3850 591 3925 nibus
612 3848 694 3925 istis
714 3845 1046 3923 macerationibus
1061 3844 1342 3945 praeserimusr
1367 3845 1407 3921 δι
1426 3867 1478 3920 ne
1494 3845 1589 3919 lima
1608 3841 1772 3940 'quidem
1790 3845 1953 3921 duriora
1971 3848 2174 3945 putamina

472 3972 688 4060 arrodere,
712 3973 776 4049 sed
802 3996 866 4057 ea,
891 3970 1059 4047 docente
1092 3968 1321 4058 Murano,
1352 3975 1461 4045 intra
1482 3970 1583 4046 duas
1608 3972 1756 4066 testaS,
1788 3973 1915 4049 addita
1938 3981 2047 4048 terra
2072 3970 2173 4047 sussi-

472 4104 612 4195 cienti,
639 4100 942 4199 comprehensa,
968 4098 1121 4173 recenti
1136 4100 1352 4196 vaporario
1366 4095 1523 4173 tradere
1537 4098 1767 4185 suademus,
1793 4109 1840 4176 ut
1853 4099 1918 4175 sua
1934 4099 2072 4198 sponte
2086 4122 2173 4197 ape·

471 4232 642 4303 riantur.
665 4226 894 4304 Posteriora
906 4234 1040 4299 autem
1055 4224 1308 4315 adminicula,
1334 4245 1425 4318 quae
1441 4224 1481 4297 in
1496 4230 1790 4324 praeparatione
1802 4236 1926 4303 terrae
1938 4224 2173 4311 consistunt,

471 4356 634 4431 minime
658 4350 898 4452 spernenda,
926 4353 1004 4425 imo
1026 4352 1162 4451 potius
1182 4353 1314 4445 magni
1333 4349 1508 4426 facienda
1529 4353 1640 4438 suut,
1665 4352 1694 4427 si
1719 4356 1899 4453 propriae
1924 4355 2173 4434 diversarum

469 4482 664 4556 seminum
686 4472 904 4581 specierum
922 4476 1041 4552 indoli
1056 4501 1102 4551 ac
1118 4488 1274 4553 naturae
1288 4479 1608 4557 accomodentur.
1658 4478 1739 4557 Sed
1759 4501 1892 4574 neque
1905 4479 2012 4564 haec,
2040 4503 2171 4577 neque

469 4609 596 4684 variae
623 4610 664 4680 in
692 4607 771 4705 ipsa
798 4592 989 4682 seminum
1016 4596 1181 4678 Satione
1202 4606 1457 4683 observandae
1478 4609 1665 4691 cautelae,
1702 4605 1983 4705 Carpologiam
2008 4631 2170 4706 puram,

468 4736 509 4809 in
529 4757 606 4828 qua
626 4756 733 4809 nunc
750 4732 975 4824 versamur,
999 4726 1194 4832 spetlum,
1220 4752 1343 4825 quare
1363 4734 1410 4811 de
1436 4738 1484 4812 iis
1506 4736 1635 4813 obiter
1656 4734 1794 4812 saltem
1820 4736 2064 4812 mentionem
2082 4733 2169 4807 heic

470 4854 638 4958 injecisse
662 4861 835 4939 sufficiat.
1060 4846 1064 4853 ¹

1812 4982 1822 4995 '
1978 5010 2165 5094 curva
