4852 6062
546 517 621 569 nv}
1252 504 1558 562 ω

544 708 599 784 tis
621 706 842 805 aphroditis
868 704 1063 781 invilibile
1084 705 1139 781 lit.
1191 705 1295 782 Haec
1314 711 1445 805 itaque
1460 714 1616 796 omnia,
1634 714 1708 806 qui
1725 712 1850 789 ubero
1874 737 1895 784 a
1917 708 2154 808 praejudiciis
2169 709 2243 783 ani·

547 857 614 907 mo
639 830 915 930 perpenderit,
967 837 1127 906 minime
1151 830 1358 930 spermatis
1385 836 1562 909 feminini
1589 850 1844 934 apparentem
1867 837 2061 911 defectum
2091 839 2243 911 mirabi-

544 968 636 1039 tur,
663 957 726 1032 sed
745 955 857 1031 facile
878 959 1090 1052 intelliget:
1116 959 1222 1052 quod
1247 957 1356 1033 illud;
1386 961 1536 1033 etiamli
1553 962 1664 1039 adlit.
1690 966 1727 1036 iu
1750 965 1881 1039 senius
1902 963 2041 1038 cadere
2062 986 2141 1036 non
2161 963 2243 1056 pos·

546 1082 613 1166 sst3
639 1083 747 1177 qnod
764 1085 801 1155 in
821 1083 979 1156 seminis
1003 1084 1252 1183 receptaculo
1266 1087 1432 1181 proprio
1450 1096 1493 1159 et
1513 1088 1734 1183 praesertim
1746 1085 1917 1184 juniori,
1944 1086 2093 1162 affatim
2109 1087 2247 1161 affimi·

546 1210 615 1283 lati
644 1209 809 1303 liquoris
834 1209 1047 1292 habeatur,
1073 1209 1179 1285 unde
1193 1210 1347 1307 sperma
1361 1209 1527 1307 produci
1549 1212 1685 1310 posue
1717 1215 1822 1308 quod
1844 1215 1933 1290 vasa
1958 1215 2111 1312 spiralia
2129 1218 2167 1285 in
2186 1213 2246 1288 l’u·

547 1335 691 1409 niculis
720 1336 1026 1416 ambitionibus,
1064 1335 1167 1408 haud
1196 1336 1328 1407 minus
1358 1333 1497 1412 idonea
1523 1336 1600 1413 elle
1624 1339 1770 1438 polimt
1796 1340 1991 1424 seminini,
2038 1362 2157 1434 quam
2186 1340 2248 1412 illa

549 1461 628 1558 ipsa
651 1461 799 1534 suntin
824 1461 1029 1536 staminum
1052 1459 1284 1543 filamentis,
1319 1462 1524 1536 masculini
1549 1465 1757 1563 spermatis
1781 1466 2039 1540 secretionem
2060 1460 2248 1558 adjuvan·

548 1588 603 1661 tia
630 1608 800 1681 organa3
832 1596 874 1659 et
896 1586 1084 1678 denique,
1119 1587 1224 1679 quod
1251 1606 1352 1661 vera
1372 1591 1557 1681 genitura
1583 1590 1771 1675 leminea,
1810 1614 1892 1665 non
1923 1588 2016 1673 alio,
2055 1612 2174 1683 qaram
2199 1614 2249 1663 eo

548 1713 711 1810 praecise
736 1717 775 1785 in
802 1711 891 1785 loeo
916 1710 1060 1808 deponi
1086 1708 1220 1809 polilt,
1256 1714 1322 1785 ubi
1345 1713 1530 1790 vasorum
1549 1716 1828 1791 umbilicalium
1854 1694 1983 1789 ultimi
2006 1714 2108 1789 fines
2129 1717 2169 1788 in
2186 1738 2247 1789 ca·

549 1845 717 1916 vitatem
748 1836 859 1912 ovuli
883 1840 1137 1934 aperiuntur,
1175 1846 1218 1911 et
1248 1836 1298 1910 ibi
1332 1837 1467 1936 pallim
1498 1842 1536 1912 in
1561 1844 1734 1916 tunicam
1766 1837 1922 1917 Sacculi
1954 1840 2250 1933 colliquamenti

550 1969 750 2041 laxantur.
800 1961 858 2036 Et
885 1962 985 2035 hanc
1002 1962 1216 2059 ,spermatis
1236 1963 1413 2041 feminini
1441 1965 1568 2039 sedem
1598 1966 1676 2065 ipsa
1700 1988 1861 2061 quoque
1882 1969 2133 2064 experientia
2157 1991 2251 2045 ccu-

551 2095 710 2169 firmat:
757 2110 848 2161 nam
872 2090 912 2161 in
932 2087 1117 2162 omnibus
1139 2087 1364 2185 plantarum
1386 2087 1614 2175 seminibus,
1660 2092 1831 2187 embryo
1862 2091 2089 2167 constanter
2107 2116 2252 2191 prope

551 2221 709 2292 interna
731 2214 916 2290 valorum
937 2213 1216 2286 umbilicalium
1243 2210 1339 2286 ostia
1362 2216 1563 2307 gignitum
1595 2218 1636 2289 in
1655 2221 1746 2293 ovis
1764 2222 1918 2301 avium,
1954 2214 2147 2315 punitum
2170 2219 2253 2293 sali-

551 2362 626 2416 ens
650 2341 698 2417 ad
717 2340 835 2414 solam
861 2339 1123 2413 cicatriculam
1150 2339 1309 2420 emicatz
1348 2348 1391 2413 et
1419 2341 1457 2414 in
1483 2338 1709 2433 Ranarnm,
1734 2341 1989 2437 Pisciumque
2010 2346 2120 2426 ovis.
2147 2344 2256 2419 nulla

552 2468 796 2545 foecundatio
827 2466 959 2543 locum
989 2462 1135 2537 habere
1157 2461 1305 2561 pollet,
1342 2462 1415 2537 nili
1443 2466 1554 2540 suum
1587 2468 1664 2566 ipsa
1700 2467 1829 2543 lecum
1855 2478 2069 2572 portarent
2098 2470 2256 2573 sperma

552 2595 800 2671 femininum.

650 2808 710 2883 Ita
728 2807 904 2884 stabilitis
926 2807 1123 2898 geniturae
1139 2805 1323 2881 femineae
1344 2805 1563 2893 existentia,
1591 2807 1767 2884 lontibus
1786 2817 1905 2903 atque
1922 2807 2148 2894 domicilio,
2173 2824 2256 2884 non

552 2935 710 3012 difficile
731 2934 805 3025 est,
841 2943 971 3006 totum
989 2931 1294 3007 foecundationis
1316 2931 1536 3032 process'um
1562 2956 1615 3009 ex
1635 2935 1753 3032 supra
1772 2931 1885 3010 diuis
1902 2933 2120 3031 complere.
2178 2936 2258 3011 Ini-

553 3065 656 3141 tium
682 3080 825 3157 nempe
848 3057 940 3131 facit
963 3054 1094 3154 pollen
1116 3060 1339 3144 antherale,
1365 3057 1478 3156 cujus
1503 3061 1750 3154 oleaginosus
1771 3051 1882 3135 late'x
1909 3084 2000 3141 cum
2018 3063 2257 3138 terebinthi-

554 3210 680 3264 naceo
706 3185 897 3279 stigmatis
920 3205 1035 3266 rore,
1073 3185 1211 3260 intime
1233 3190 1479 3261 commixtus
1510 3189 1548 3261 in
1577 3185 1780 3261 uniforme
1801 3187 1882 3260 abit
1904 3187 2127 3280 liquamen:
2183 3187 2260 3261 hoc

554 3315 691 3416 postea
713 3337 736 3387 a
754 3312 945 3407 stigmatis
968 3311 1080 3409 poris
1101 3311 1302 3396 haustum,
1335 3311 1541 3411 capillares
1561 3306 1708 3407 trajicit
1729 3310 1820 3407 styli
1842 3312 2005 3385 tubulos
2021 3323 2063 3386 et
2086 3316 2128 3386 in
2151 3337 2261 3388 com·

554 3462 676 3515 mune
707 3439 864 3514 seminis
893 3434 1113 3512 effunditur
1142 3434 1458 3535 receptaculum:
1512 3437 1562 3511 ibi
1586 3461 1688 3514 vero
1715 3418 2038 3534 spermaticorum
2066 3441 2260 3515 vasorum

555 3565 724 3645 offendit
747 3565 899 3651 radices
926 3563 1035 3637 &ab
1059 3584 1201 3637 eorum
1221 3559 1371 3635 ostiolis
1394 3562 1615 3649 imbibitur,
1647 3573 1694 3636 ut
1712 3562 1871 3648 dehinc,
1906 3586 1980 3663 per
1993 3566 2261 3642 umbilicalem

554 3692 773 3776 funiculum
792 3690 840 3765 ad
865 3689 981 3764 ovuli
1002 3691 1212 3763 cavitatem
1239 3687 1494 3786 deportetur,
1544 3689 1610 3763 ubi
1645 3690 1860 3764 femineum
1886 3687 2048 3765 haerens
2084 3693 2263 3791 sperma,

554 3821 747 3895 advenam
769 3815 913 3890 undam
936 3817 1104 3913 excipit,
1128 3814 1169 3889 δι
1190 3835 1279 3889 cum
1302 3837 1350 3887 ea
1375 3815 1415 3887 in
1443 3816 1616 3914 primum
1634 3837 1753 3890 novae
1776 3810 1872 3892 ¹vitae
1888 3814 2056 3891 confluit
2079 3819 2262 3895 fontem:

554 3971 646 4041 nam
670 3968 724 4022 ex
744 3944 966 4036 'utriusque
998 3934 1118 4037 hujus
1141 3939 1252 4015 lluidi
1276 3941 1457 4029 miscela,
1481 3940 1602 4019 brevi
1619 3941 1728 4038 post,
1761 3939 1867 4037 quasi
1883 3964 1957 4039 per
1972 3944 2113 4019 vivam
2136 3968 2263 4040 quan·

554 4076 642 4150 dam
674 4069 1059 4167 crystallisationem,
1095 4067 1259 4141 solidum
1287 4070 1458 4161 emergit
1480 4065 1786 4165 corpusculum,
1839 4068 1947 4161 quod
1973 4066 2056 4165 jam
2083 4066 2173 4166 jam
2197 4073 2265 4147 libi

553 4201 676 4288 vivit,
721 4218 796 4271 nec
815 4195 900 4271 aliis
927 4217 1053 4292 porro
1077 4193 1227 4287 indiget
1246 4195 1424 4276 auxiliis
1462 4190 1531 4264 nifi
1556 4192 1637 4266 solo
1658 4216 1714 4268 ex
1735 4193 1846 4267 ovuli
1870 4193 2111 4277 humoribus
2133 4202 2264 4274 nutri-

556 4333 714 4416 mento,
750 4332 798 4396 ut
817 4320 953 4396 senlim
973 4321 1011 4393 in
1034 4322 1122 4394 veri
1140 4319 1374 4414 embryonis
1399 4318 1586 4393 formam.
1627 4321 1803 4416 propriis
1824 4319 1901 4394 suis
1926 4323 2081 4398 viribus
2109 4326 2264 4401 conva-

551 4455 690 4526 lescat.
741 4448 843 4523 Haec
864 4448 990 4544 prima
1011 4445 1310 4539 organisationis
1333 4444 1568 4539 vegetabilis
1587 4445 1712 4524 initia,
1737 4466 1818 4517 non
1840 4448 1987 4531 oculis,
2019 4449 2085 4523 sed
2104 4455 2264 4525 ratione

556 4589 709 4653 tantum
734 4574 877 4667 aliequi
899 4571 1072 4669 polllmt3
1122 4592 1213 4663 quae
1238 4580 1371 4644 autem
1407 4566 1604 4668 perattam
1637 4569 1754 4674 semel
1782 4569 2126 4648 foecundationem
2166 4577 2264 4649 inse·

557 4718 737 4799 quuntur
755 4703 1016 4781 mutationes,
1054 4696 1130 4773 illae
1155 4694 1244 4795 iplis
1270 4706 1408 4796 patent
1428 4695 1600 4788 sensibus
1619 4705 1659 4772 et
1678 4697 1813 4792 varias
1840 4699 2070 4795 plantarum
2100 4712 2264 4802 partes,

558 4830 671 4902 vario
696 4824 816 4901 modo
840 4823 1025 4898 afficiunt.

2083 5082 2089 5095 ,
2109 5008 2264 5087 Rarius
