4852 6062
908 507 1212 559 .........-··-··-.......
1324 468 1328 477 ’
1478 484 1480 487 ’
1795 500 1908 556 ωιικ

219 713 445 801 congruunt
471 726 560 779 cum
583 703 770 778 tunicatis:
797 712 842 779 ut
857 702 1108 803 ,Juniperum
1134 701 1364 792 Ambrosia,
1389 704 1672 801 Lithagrostis,
1704 688 1912 805 Scabiosa,¹

217 829 431 929 Scolynius
448 830 519 906 &c
528 829 733 905 Praeterea
747 851 906 925 quoque
925 829 1077 929 pollent
1094 854 1117 904 a
1138 828 1282 905 fabrica
1298 832 1337 905 δι
1357 822 1604 908 consistentia
1624 828 1843 921 involucri,
1869 838 1912 923 in

217 961 327 1034 varia
348 979 497 1052 genera
518 954 738 1030 subalterna
757 956 899 1041 dividi3
930 957 994 1032 sed
1018 957 1134 1032 nobis
1165 956 1254 1031 heic
1273 957 1427 1044 sufficit,
1448 936 1505 1034 ‘ad
1534 960 1659 1036 solum
1691 950 1911 1039 indumenti

215 1081 426 1183 respexisse
442 1094 598 1165 ortum,
625 1104 678 1156 ne
701 1081 934 1156 divisionum
958 1103 1152 1159 numerus
1172 1092 1325 1182 praeter
1343 1081 1608 1161 necessitatem
1632 1068 1914 1182 augemundo

216 1222 350 1285 tamen
366 1209 629 1294 monendum,
655 1198 760 1301 qnod
776 1208 899 1306 ipsum
914 1207 1196 1301 Involucrum,
1220 1208 1285 1283 vel
1301 1209 1541 1294 universale,
1567 1212 1633 1287 vel
1645 1213 1831 1310 partiale,
1844 1214 1914 1287 vei

215 1360 269 1411 ex
297 1318 480 1430 utrisque
508 1333 768 1432 compositum
797 1333 853 1407 sit.
908 1333 1134 1434 Unimrsale,
1171 1338 1356 1411 omnibus
1380 1340 1531 1413 ovariis
1563 1335 1676 1411 simul
1707 1338 1912 1437 prospicit,

213 1464 252 1544 bc
270 1465 309 1537 in
323 1456 462 1536 eodem
483 1470 674 1562 apparatu
695 1460 750 1534 sui
766 1482 848 1533 non
865 1458 985 1535 habet
1006 1460 1147 1536 simile:
1172 1440 1219 1538 ut
1240 1464 1375 1562 spatha
1396 1464 1435 1535 in
1463 1460 1677 1549 Phoenice,
1699 1472 1753 1539 ut.
1768 1466 1914 1559 vagina

213 1593 252 1662 in
275 1587 451 1684 Mayce,
476 1596 524 1659 ut
540 1586 708 1659 echinus
724 1587 762 1658 in
780 1583 1060 1683 Castaneabtc.
1082 1586 1267 1680 partiale,
1294 1612 1401 1664 nunc
1419 1588 1587 1682 lingula,
1612 1610 1720 1663 nunc
1738 1588 1777 1665 δι
1795 1591 1913 1688 plura

211 1722 435 1817 aggregata*
443 1714 484 1784 in
502 1708 587 1783 smu
606 1710 676 1783 suo
695 1709 814 1787 fovet
831 1714 987 1795 ovorio,
1012 1711 1126 1790 sedin
1141 1715 1281 1790 eodem
1299 1723 1490 1815 apparatu
1506 1716 1722 1813 repetitum
1740 1718 1912 1793 occurit:

211 1852 258 1913 ut
276 1840 414 1933 ligulae
439 1836 607 1935 Lupuli,
630 1845 677 1908 ut
700 1829 872 1929 squamae
899 1836 1006 1932 Pini,
1030 1847 1077 1912 ut
1100 1839 1220 1937 peltae
1243 1837 1437 1941 Cupresli.
1486 1839 1649 1916 Mittam
1671 1836 1841 1935 denique
1856 1864 1915 1917 ex
1941 1876 1946 1891 ⁸

205 1964 396 2066 ‘priorum
424 1974 605 2064 utroque¹
622 1961 838 2037 conflatum
869 1961 945 2047 est,
993 1966 1104 2037 utin
1132 1963 1302 2054 Palmis,
1341 1964 1562 2064 Dipsaceis,
1598 1963 1910 2066 &Compositis

209 2111 353 2171 varus.
1852 2126 1857 2135 ·

310 2301 377 2379 Ad
403 2301 679 2415 accidentales„
706 2302 773 2379 seu
790 2302 1032 2381 extrinsecas
1056 2298 1257 2377 frustuum
1274 2299 1506 2380 affestiones
1528 2303 1741 2396 referimus
1761 2270 1910 2415 'eorun-

80 2425 85 2435 '
208 2432 302 2508 dem
325 2430 517 2525 figuram,
541 2449 773 2515 numerum,
798 2429 1128 2508 combinationem
1156 2438 1275 2526 atque
1297 2427 1425 2505 situm.

309 2668 462 2763 Figura
480 2662 682 2740 frustuum
697 2666 796 2741 adeo
811 2660 923 2741 varia
937 2678 1056 2762 atque
1070 2665 1281 2766 multiplex
1297 2665 1369 2752 est,
1393 2667 1551 2754 utalia,
1577 2606 1694 2764 quam
1708 2669 1913 2767 specialior

207 2789 299 2891 ejus
322 2793 539 2893 expositio,
566 2793 875 2897 insequentibus
901 2793 1109 2876 tradenda,
1136 2795 1210 2867 vix
1232 2793 1358 2867 ullum
1386 2795 1532 2870 habere
1558 2804 1679 2889 queat
1696 2794 1819 2903 usum.
1868 2791 1912 2869 ld
2047 2854 2049 2861 Α

207 2932 344 2998 tumen
367 2921 587 3016 generatim
618 2917 902 3001 adnotandum,
935 2918 1048 3025 quod*
1069 2919 1199 3013 ligura
1224 2922 1389 3018 propria
1408 2924 1563 3004 ovarii,
1588 2920 1744 3018 semper
1777 2920 1823 2995 ab
1849 2919 1915 2996 illa

208 3044 559 3151 frustusuniuerii
577 3054 712 3120 curate
734 3025 915 3136 distingui
933 3043 1089 3128 debeat,
1114 3044 1152 3119 δι
1176 3045 1286 3140 quod,
1306 3047 1393 3121 haec
1417 3045 1633 3145 posterior,
1660 3048 1699 3133 in
1720 3043 1914 3151 srutlibuns

107 3249 113 3260 ,
210 3175 481 3255 amentaceis,
496 3172 741 3270 compositis,
774 3171 958 3279 tunicatis
984 3180 1103 3263 atque
1125 3169 1410 3255 involucratis,
1444 3158 1598 3270 semper
1618 3174 1656 3245 in
1681 3155 1914 3277 computum

209 3301 366 3384 veniat,
401 3322 623 3403 eorumque
653 3299 822 3375 multum
847 3291 1010 3391 adjuvet
1031 3297 1242 3399 diagnofin.
1292 3296 1337 3370 In
1367 3278 1607 3372 amentace'is
1634 3318 1799 3397 nempe,
1825 3299 1914 3371 uni-

211 3423 324 3535 versi
337 3422 491 3501 inustus
506 3426 654 3510 forma,
681 3446 835 3518 magnae
845 3424 1026 3497 utilitatis
1044 3422 1101 3497 est
1125 3426 1163 3495 in
1182 3422 1415 3501 deliniendis
1429 3447 1565 3499 earum
1578 3422 1799 3521 speciebus3
1822 3408 1916 3497 nam

182 3537 322 3635 'Pini,
346 3548 512 3646 Thujae,
538 3551 785 3637 Casuarinae,
817 3551 981 3648 species,
1019 3550 1148 3624 multo
1172 3549 1324 3625 facilius
1357 3554 1561 3645 tutiusque
1588 3572 1612 3622 a
1642 3532 1915 3640 strobilorum,
2021 3594 2030 3615 ,

210 3699 334 3778 quani
354 3699 378 3750 a
401 3676 772 3760 soliorumsuorum
794 3679 924 3753 sorma
946 3679 1188 3751 abinvicem
1211 3676 1516 3771 distinguuntur.
1549 3675 1596 3751 In
1615 3668 1838 3770 conjugatis
1852 3696 1915 3749 au·
1991 3728 1993 3733 ,

209 3794 292 3878 tem
324 3811 443 3896 atque
470 3788 699 3902 compositis
723 3788 944 3884 fructibus,
972 3801 1105 3894 figura
1136 3804 1261 3875 totius
1294 3803 1397 3901 saepe
1430 3786 1592 3899 majoris
1618 3803 1810 3909 momenti
1840 3798 1914 3903 est,
2041 3874 2044 3879 .

208 3951 330 4024 quam
347 3930 425 4028 ipsa
437 3927 552 4039 floris
566 3928 718 4015 sorma3
747 3951 888 4044 parum
906 3931 1015 4011 enim
1035 3930 1072 3999 in
1090 3925 1440 4002 Umbelliserarum
1464 3931 1693 4023 cognitione
1705 3925 1914 4049 proficies,

94 4110 99 4123 .
208 4057 362 4149 absque
382 4057 523 4129 notitia
546 4050 690 4150 figurae
712 4051 891 4141 frustum
925 4053 965 4129 ἃ
984 4053 1070 4126 haec
1099 4074 1259 4145 quoque
1276 4050 1515 4151 potissimum
1540 4052 1777 4149 consulenda
1798 4051 1856 4127 est
1875 4053 1916 4125 in

210 4180 448 4257 definiendis
470 4178 684 4268 Annonae,
717 4179 908 4262 Uvariae,
939 4176 1127 4277 Xylopiae
1149 4178 1222 4281 bic.
1249 4177 1460 4274 speciebus.
1508 4178 1567 4255 Et
1597 4181 1654 4253 ita
1683 4199 1842 4274 quoque
1875 4178 1938 4249 in‘

28 4362 29 4421 1
80 4296 83 4303 ⁴
181 4380 185 4385 .
209 4304 408 4384 frmitibus
428 4306 673 4383 tunicatis&
696 4309 982 4389 involucratis,
1005 4305 1137 4398 figura
1159 4298 1316 4381 frustus
1332 4304 1507 4379 universi
1527 4304 1743 4405 praesertur
1759 4302 1798 4379 bt
1809 4324 1915 4400 prae·

209 4432 312 4509 ferri
336 4436 455 4507 etiam
480 4446 660 4510 meretur
675 4434 820 4528 figure
838 4416 965 4509 ovarii
987 4430 1182 4529 propriae:
1208 4430 1356 4505 namin
1374 4410 1604 4515 Ambrofia,
1631 4429 1807 4506 Xanthio
1821 4483 1833 4513 ,
1846 4427 1915 4501 Li·

209 4557 476 4654 thagrostide,
501 4559 672 4645 Basella,
701 4556 882 4658 Spinacia
898 4558 968 4635 &c
984 4555 1089 4631 haud
1109 4576 1283 4648 unquam
1312 4559 1476 4654 propria
1495 4561 1647 4643 ovarii,
1673 4557 1737 4632 sed
1761 4551 1848 4650 ejus
1869 4555 1916 4627 ab

210 4685 448 4760 indumento
467 4685 537 4759 suo
552 4685 697 4761 larvati
718 4686 849 4779 figura
866 4688 904 4758 in
914 4682 1072 4758 censum
1092 4683 1207 4757 venit
1225 4678 1264 4753 81
1278 4682 1383 4756 inter
1398 4686 1608 4778 genericos
1629 4681 1792 4757 istarum
1804 4680 1916 4777 plan-

210 4821 347 4886 tarum
361 4808 613 4889 charasteres
629 4811 831 4908 recipitur.
880 4807 922 4886 A
937 4811 1096 4885 cultura
1124 4807 1638 4909 saepiusnotabilespatitur
1655 4807 1915 4915 mutationes,

205 4918 256 5015 ¹ut
271 4934 474 5040 inUPyro,
503 4934 662 5022 Prono,
687 4934 877 5036 Capslco,
902 4934 1020 5021 Vite,
1047 4931 1297 5028 Mauortem,
1331 4942 1467 5010 cetera
1489 4956 1593 5013 vero
1613 4933 1705 5009 satis
1729 4928 1915 5009 constans

1856 5053 1914 5130 est
