4878 6064
974 483 1279 549 ΕΒΗ-Η
1840 485 1965 557 §wll

407 685 548 789 epigoae
570 686 726 786 semper
747 706 870 767 novae
886 689 1035 789 plantae
1055 692 1252 769 adventus
1270 689 1642 789 praenunciarent,
1668 693 1709 773 dr
1728 695 1798 777 vel
1818 700 1965 783 craffoa

459 816 576 891 lobes
599 815 839 899 herbaceos,
865 825 914 892 ut
933 820 972 891 in
994 816 1294 912 Leguminofis,
1319 816 1387 895 vel
1403 838 1505 893 vera
1523 816 1637 905 folia,
1662 822 1893 905 asecuturis
1908 838 1965 905 ta·
2005 809 2010 818 ’

458 963 555 1016 rnen
575 943 814 1041 plerumque
837 943 1012 1028 diversa,
1037 946 1140 1018 utin
1163 940 1405 1043 Compositis
1425 942 1465 1019 dr
1484 942 1693 1043 plerisque
1712 948 1820 1040 aliis,
1844 977 1965 1035 aemu.

459 1066 621 1154 lentur,
644 1092 689 1144 ac
703 1068 862 1145 demum
876 1071 1036 1169 sponte,
1060 1069 1151 1171 post
1165 1064 1358 1170 plumulae
1373 1068 1683 1169 explicationem
1702 1075 1914 1169 defluunta
1958 1156 1961 1163 ,

405 1215 603 1319 hypogea,
630 1221 783 1297 inseiis
805 1220 1038 1316 quibusdam
1063 1224 1274 1299 seminibus
1292 1222 1604 1303 exalbuminoiis
1622 1227 1837 1317 habentur,
1862 1253 1963 1329 quo-

459 1367 552 1420 rum
569 1346 710 1423 testam
724 1346 964 1425 exadtillime
985 1349 1160 1448 replent,
1186 1370 1355 1444 eamque
1374 1370 1577 1443 nunquam
1599 1366 1780 1432 exuunt:
1806 1358 1963 1459 semper

460 1472 594 1566 itaque
612 1474 791 1550 constant
813 1498 869 1550 ex
893 1475 995 1549 iobis
1015 1471 1148 1550 crailis
1170 1474 1211 1549 dr
1230 1473 1412 1559 earnalis,
1439 1477 1567 1570 iisque
1592 1481 1661 1555 vel
1682 1484 1788 1561 inter
1809 1484 1850 1562 se
1868 1508 1963 1560 con·

459 1595 750 1687 ferruminatis,
778 1613 825 1677 ut
849 1604 889 1674 in
910 1599 1128 1684 Paullinia,
1169 1599 1488 1698 Hippocastano,
1521 1600 1697 1703 Greggia
1726 1609 1799 1684 &e
1828 1611 1897 1687 vel
1923 1611 1964 1689 dt

460 1722 661 1821 discretis,
693 1736 738 1803 ut
760 1729 799 1801 in
827 1725 985 1813 Lauro,
1006 1724 1226 1827 Juglande‚
1250 1723 1454 1823 Viciisque
1473 1731 1620 1815 variis,
1652 1755 1698 1807 ae
1726 1733 1962 1832 plerumque

454 1847 538 1948 jam
552 1862 644 1929 ante
664 1854 1014 1949 germinationem,
1048 1851 1291 1931 manifestam
1312 1855 1352 1928 in
1371 1853 1457 1930 finu
1475 1855 1544 1931 suo
1559 1853 1704 1935 fovent
1716 1854 1969 1961 plumulam,

461 2001 553 2074 quae
575 1981 694 2055 etiam
717 1980 797 2055 sola
817 1981 1063 2061 evolutionis
1094 2001 1221 2079 capax
1247 1981 1314 2059 est.

356 2126 668 2232 Polqcotylcdoaea
698 2133 866 2226 denique
889 2130 1044 2232 semina,
1085 2136 1308 2231 embryone
1336 2137 1378 2209 in
1401 2133 1540 2239 plures
1565 2159 1685 2233 quam
1714 2137 1816 2215 duos
1848 2142 1963 2223 lobos

257 2258 384 2347 salto,
421 2259 571 2336 facilen
589 2261 757 2353 reliquis
777 2259 962 2335 omnibus
983 2259 1285 2355 dignoscuntur.
1343 2257 1469 2341 Reae
1496 2263 1655 2358 quidem
1670 2263 1962 2343 Bonanrvrus

258 2385 360 2485 (1),
385 2408 466 2462 non
484 2388 688 2485 propriam
705 2407 761 2463 ex
779 2383 889 2459 hisce
910 2386 1057 2484 plantis
1079 2386 1263 2463 constitui
1285 2387 1431 2465 debere
1451 2387 1622 2473 currem,
1657 2390 1829 2474 censuit,
1861 2414 1964 2485 quo-

258 2517 363 2593 niam
381 2515 502 2588 nimis
516 2533 661 2611 parcus
682 2510 740 2588 est
759 2534 895 2590 earum
914 2533 1135 2601 numerus3
1165 2514 1231 2589 sed
1244 2536 1335 2591 cum
1353 2512 1594 2593 Anansono
1623 2513 1704 2612 (a)
1728 2536 1810 2589 non
1829 2515 1961 2614 poliu-

257 2660 351 2715 mus
369 2639 608 2722 consentire,
633 2638 791 2733 quando
808 2640 1174 2740 polycotyledonea
1188 2641 1334 2717 sembra
1353 2641 1390 2715 id
1402 2648 1563 2717 tantum
1576 2663 1599 2713 a
1613 2638 1961 2739 dicotyledonibus

257 2752 422 2841 differre
442 2763 593 2849 statuit,
623 2766 730 2858 quod
751 2787 892 2842 eorum
908 2766 988 2841 lobi
1004 2766 1134 2843 denuo
1149 2767 1283 2843 saltem
1299 2768 1339 2843 &
1360 2766 1572 2847 admodum
1590 2765 1791 2869 profunde
1805 2770 1961 2869 partiti,

258 2903 392 2967 cetera
415 2913 516 2968 vero
541 2914 623 2966 non
653 2891 725 2965 nili
743 2894 891 2986 gemini
907 2890 1003 2967 lint:
1029 2892 1130 2968 hane
1149 2895 1255 2970 enirn
1277 2893 1530 2979 sententiam,
1557 2895 1685 2992 impar
1700 2895 1740 2966 in
1755 2896 1962 2971 nonnullis

257 3021 443 3095 laborum
464 3039 678 3105 numerus,
725 3026 772 3093 ut
789 3022 993 3095 ternarius
1015 3021 1283 3115 &quinarius
1307 3022 1348 3095 in
1370 3019 1604 3116 quibusdam
1626 3017 1716 3093 Pini
1741 3018 1962 3117 speciebus,

257 3149 495 3247 plusquam
519 3145 611 3221 satis
635 3142 790 3221 refellit.
839 3144 1116 3246 Reperiuntnr
1131 3158 1265 3223 autem
1280 3147 1543 3243 cotyledones
1568 3164 1739 3223 numero
1757 3144 1900 3242 plures
1920 3149 1962 3227 in
2088 3151 2091 3157 '

259 3276 384 3349 variis
404 3271 470 3348 sed
491 3270 728 3369 paucillimis
745 3272 910 3369 plantis,
934 3270 974 3346 dr
992 3271 1151 3366 quidem
1165 3282 1314 3357 ternae,
1339 3276 1379 3346 in
1395 3271 1541 3353 Abiete
1557 3272 1622 3347 illa
1634 3272 1858 3349 armoricana
1882 3269 1961 3370 (3),

257 3421 350 3494 quae
373 3396 522 3493 Anglis
544 3394 707 3477 Hemlock
722 3395 853 3496 Sprure
869 3396 934 3474 Fir
960 3397 1184 3496 appellatur
1197 3425 1209 3486 3
1246 3408 1475 3494 quaternae,
1514 3399 1553 3472 in
1578 3394 1847 3494 Rhizophora·
1862 3422 1962 3495 gym-

257 3523 428 3602 „orlaa
449 3534 570 3619 atque
592 3520 840 3609 Avicennia3
865 3525 1022 3617 quinae,
1048 3525 1090 3598 in
1109 3522 1380 3625 Pinosqlvrstri
1391 3551 1403 3611 3
1436 3527 1541 3601 senae
1550 3572 1568 3611 ‚.
1586 3526 1626 3597 in
1645 3520 1814 3619 Lepidio
1820 3517 1943 3619 sativo
1950 3580 1961 3619 ,

256 3649 429 3727 Canario
447 3647 709 3729 Medenbrtbeae
730 3652 770 3727 &
779 3649 939 3753 sylvestri
950 3702 968 3734 ,
989 3674 1034 3725 ae
1054 3651 1160 3737 aliis3
1186 3651 1226 3725 dt
1248 3650 1383 3745 denae,
1407 3650 1621 3742 duodenae,
1645 3657 1716 3721 aut
1735 3645 1894 3745 plures,
1918 3649 1961 3725 in

256 3780 384 3853 variis
399 3776 489 3853 Pini
513 3779 725 3877 speciebus
777 3776 822 3852 ln
839 3777 1024 3853 omnibus
1046 3776 1131 3863 his,
1163 3777 1244 3852 lobi
1262 3779 1369 3851 inter
1386 3777 1425 3852 se
1452 3771 1628 3875 perferte
1649 3772 1825 3868 aequales
1841 3793 1965 3871 repe-

255 3907 437 3996 riuntur,
474 3913 745 4012 praeterquam
769 3906 807 3979 in
837 3901 1010 3979 Canario
1030 3911 1150 3997 atque
1166 3899 1361 4000 Lepidioa
1387 3902 1427 3977 &
1450 3902 1684 3999 itaquoque
1708 3900 1747 3973 in
1774 3898 1967 3979 omnibus·

256 4033 419 4130 penitus
441 4031 600 4107 discreti
622 4031 736 4117 sunt„
765 4040 1035 4132 praeterquam
1056 4030 1095 4101 in
1118 4026 1370 4120 Hernandia,
1408 4022 1522 4123 eujus
1540 4029 1691 4126 quippe
1706 4022 1875 4100 nucleus
1893 4047 1965 4121 cof

256 4159 500 4253 tyledoneus
518 4157 718 4233 solidus&
739 4152 923 4233 obsoletis
940 4154 1073 4233 saltem
1091 4155 1197 4231 striis
1215 4157 1373 4229 interne
1389 4152 1679 4251 multipartitus
1694 4151 1761 4227 est.
1812 4150 1960 4228 Cetera

255 4312 381 4371 vero,
403 4306 486 4361 non
509 4307 560 4358 ex
579 4282 669 4358 solia
691 4286 802 4361 hisee
821 4284 1033 4361 seminibus
1049 4283 1197 4381 plantae
1220 4280 1602 4385 polycotyledoneae
1622 4288 1863 4371 nascuntur,
1895 4277 1965 4354 sed

256 4416 346 4488 illae
362 4435 526 4508 quoque
545 4435 600 4487 ex
622 4410 948 4507 acotyledonibus
969 4412 1192 4509 provenire
1211 4406 1391 4505 poliunt,
1433 4413 1481 4482 ut
1502 4408 1542 4485 in
1562 4402 1682 4483 Mnio
1705 4402 1969 4504 ingronutrr‘co

256 4539 346 4639 (4)
370 4551 491 4635 atque
509 4537 629 4634 Bryo
652 4534 804 4615 triadode
821 4537 861 4613 dr
878 4546 1027 4636 argento
1053 4539 1139 4629 (ς),
1164 4557 1336 4610 necnon
1357 4530 1531 4609 inFucis
1547 4533 1674 4610 variis
1692 4532 1898 4625 videmus,
1919 4532 1961 4608 dr

1744 4657 1961 4737 verisimile

301 4821 346 4899 r.)
369 4825 456 4882 Hert.
480 4817 583 4900 lugdb.
605 4838 632 4881 a.
654 4840 684 4902 p:
1102 4816 1157 4905 4'.)
1180 4818 1348 4881 Hrnwro.
1361 4810 1973 4896 llili'.mear.frond.a.tab.5.ssq.a5.26··

298 4934 349 5014 a.)
370 4932 476 4996 famil.
490 4932 583 5018 plant.
595 4932 709 5017 praefat
724 4955 754 5019 p.
767 4950 836 5018 3033
1093 4940 1138 5013 5,)
1159 4937 1273 4996 Inm-
1283 4931 1357 4994 ibid.
1379 4931 1440 5015 tab.
1453 4936 1482 4995 6.
1495 4931 1544 5012 fig.
1558 4944 1668 5010 ama.
1683 4949 1740 5007 aar
1757 4986 1763 4999 .

298 5052 353 5133 3.)
373 5053 525 5115 Munna.
540 5048 671 5114 (iarden.
685 5051 869 5129 bitrionem.
