4878 6064
1817 519 1930 575 CXXI

220 729 332 828 quod
352 728 457 805 int'er
473 726 793 827 polystemones,
817 730 943 805 variae
965 728 1208 819 habeantur,
1245 752 1338 825 quae
1365 752 1421 807 ex
1446 731 1635 808 omnibus
1663 733 1742 810 suis
1767 736 1924 822 ovulis,

222 862 306 935 vix
329 860 399 931 uni
422 854 689 929 foecundaudo
706 875 825 952 pares
851 854 947 929 fint:
979 877 1070 930 nam
1093 879 1149 929 ex
1177 857 1240 930 his
1263 857 1542 953 phaenomenis
1561 859 1755 954 liquidum
1775 865 1840 949 fit,
1865 867 1926 940 uti

223 985 345 1082 supra
359 978 442 1078 jam
465 982 768 1075 annotavimus,
793 982 901 1075 quod
922 980 1164 1056 foecundatio
1187 984 1379 1056 seminum
1400 986 1535 1078 potius
1556 1008 1578 1057 a
1597 989 1785 1079 qualitate
1800 988 1843 1064 &
1865 992 1939 1068 in·.

223 1110 394 1184 trinseca
405 1110 558 1183 virtute
574 1107 757 1205 pollinis,
784 1130 902 1202 quam
917 1108 965 1181 ab
978 1102 1066 1203 ejus
1080 1111 1299 1202 quantitate
1315 1109 1503 1205 pendeat;
1530 1109 1569 1185 δι
1583 1112 1690 1204 quod
1703 1137 1787 1189 non
1803 1140 1924 1193 omne

223 1256 354 1311 ovum
366 1230 607 1328 vegetabile,
633 1224 846 1318 aNatura,
872 1236 913 1307 in
927 1231 1104 1308 suturam
1123 1235 1359 1332 progeniem
1383 1230 1616 1310 destinatum
1636 1237 1693 1313 fia

324 1444 565 1540 Magnitudo
593 1447 804 1528 seminum,
847 1444 888 1517 in
911 1443 1110 1540 speciebus
1141 1442 1334 1528 definitis,
1367 1454 1572 1561 utcunque
1595 1456 1728 1522 certos
1757 1449 1923 1535 limites,

224 1571 292 1648 sed
306 1574 348 1645 in
361 1573 591 1647 universum
606 1568 789 1671 spettata,
813 1569 968 1642 nonnisr
983 1571 1231 1660 arbitrariam
1255 1569 1478 1643 mensuram
1496 1570 1623 1645 habet.
1672 1572 1785 1668 Ergo
1805 1597 1925 1670 gene·

225 1696 412 1773 ralissrme
428 1698 638 1771 seminibus
648 1695 923 1790 assignabimus
938 1704 1113 1789 quatuor
1131 1694 1412 1789 magnitudinis
1429 1696 1578 1790 gradus
1597 1706 1715 1790 atque
1730 1722 1776 1772 ea
1791 1700 1925 1799 appel-

224 1824 399 1899 labimus
418 1848 565 1918 magnu,
590 1845 681 1917 quae
698 1822 923 1896 mensuram
940 1824 1060 1897 unius
1080 1824 1233 1920 pollicis
1246 1824 1480 1917 geometrici
1495 1822 1716 1907 excedunt,
1742 1824 1808 1897 seu
1833 1848 1925 1919 quae
2062 1819 2073 1836 ¹

225 1948 434 2049 Juglandis
448 1974 550 2024 nuce
567 1972 648 2024 non
666 1951 821 2029 minora
834 1949 942 2032 sunt,
967 1947 1006 2021 δι
1026 1948 1074 2021 ab
1094 1948 1184 2033 hac,
1211 1950 1251 2021 in
1266 1967 1541 2041 quamcunque
1563 1944 1676 2020 aliam
1696 1951 1926 2043 magnitudi·

225 2100 323 2152 nem
341 2077 422 2153 sive
441 2075 607 2152 crassitie
625 2077 708 2160 sua,
735 2094 781 2149 ut
792 2073 999 2147 Lontarus
1017 2074 1056 2148 δι
1069 2071 1248 2157 Coenos,
1273 2072 1355 2148 sive
1374 2073 1441 2146 sua
1460 2073 1727 2164 longitudine,
1754 2078 1812 2163 uti
1826 2075 1926 2150 Rhi-

224 2204 427 2301 zophora‚
453 2202 739 2277 extenduntur.
789 2196 939 2282 Media,
965 2202 1069 2272 intra
1081 2200 1234 2296 pollicis
1250 2199 1289 2273 δι
1309 2198 1477 2272 duarum
1496 2199 1691 2272 linearum
1703 2202 1928 2278 mensuram

225 2327 464 2413 consistunt,
497 2339 615 2421 atque
635 2349 708 2403 nec
732 2323 836 2399 Milli
859 2345 987 2418 grano
1008 2327 1180 2409 minora,
1221 2346 1296 2397 nec
1312 2322 1512 2397 Avellana
1531 2346 1633 2401 nuce
1658 2322 1808 2421 majora
1827 2329 1926 2403 sunt.

225 2456 374 2545 Parva,
399 2454 596 2528 dimidiam
614 2453 758 2528 lineam
777 2451 986 2548 superant,
1015 2473 1092 2524 nec
1107 2450 1205 2525 duas
1231 2447 1450 2531 excedunt,
1475 2447 1514 2522 δι
1532 2453 1637 2525 intra
1652 2453 1799 2527 limites
1820 2455 1928 2527 semi·

225 2604 327 2655 num
343 2580 561 2679 Papaveris
575 2578 887 2675 &Campanulae
904 2578 1172 2650 continentur.
1222 2576 1368 2650 Minuta
1382 2572 1551 2665 denique
1571 2578 1610 2652 ὃ(
1624 2575 1758 2665 exilia,
1782 2601 1928 2679 praece·

226 2708 415 2782 dentibus
431 2709 587 2780 minora
604 2714 648 2778 et
661 2704 764 2801 saepe
782 2703 1016 2800 pulvisculis
1034 2701 1171 2776 similia
1195 2700 1305 2776 sunt:
1330 2710 1376 2773 ut
1399 2701 1442 2773 in
1464 2697 1697 2790 Trachalio,
1722 2702 1927 2799 Begonia,

225 2832 401 2928 Pyrola,
426 2830 578 2916 Charra,
609 2829 800 2904 Filicibus
819 2839 861 2904 et
885 2827 1047 2903 Mulcis.

329 3040 576 3145 Superficies
597 3045 819 3139 generatim
841 3042 899 3119 est
912 3043 986 3141 ‘vel
1003 3043 1229 3138 aequabilis,
1251 3041 1324 3159 'vel
1340 3044 1603 3153 inaequabilis‚
1638 3054 1681 3123 et
1703 3046 1793 3123 inde
1818 3047 1929 3124 varia

225 3173 544 3273 proficiscuntur
563 3174 727 3247 semina:
753 3179 801 3244 ut
1959 3182 1962 3187 ’

374 3380 524 3481 glabra,
549 3408 641 3479 quae
665 3406 741 3458 nec
762 3383 989 3481 conspicuas
1015 3383 1320 3476 inaequalitates,
1355 3406 1431 3458 nec
1455 3383 1706 3482 splendorem
1732 3387 1774 3460 in
1799 3385 1930 3483 super·

439 3512 528 3585 ficie
544 3511 708 3584 habent:
734 3513 837 3584 utin
850 3508 1066 3607 Raphano,
1091 3507 1266 3583 Braffica
1288 3518 1331 3582 et
1351 3512 1572 3583 innumeris
1593 3510 1706 3593 aliis3

379 3688 570 3787 sansgalo,
616 3713 707 3786 quae
729 3699 881 3789 praeter
908 3691 1151 3783 glabritiem,
1191 3690 1309 3760 etiam
1336 3686 1547 3785 splendore
1578 3687 1769 3781 gaudent:
1816 3693 1932 3764 utin

432 3807 654 3911 Alestryo,
680 3814 948 3897 Amarantho,
973 3810 1122 3911 Sapota
1138 3822 1211 3885 etc.
1262 3808 1341 3883 His
1354 3811 1441 3884 addi
1459 3809 1616 3907 possunt
1638 3809 1752 3888 lucido
1774 3814 1798 3887 s.
1816 3812 1933 3912 spica·

433 3940 569 4026 dcatiu,
595 3943 814 4036 generatim
832 3942 884 4012 ita
906 3938 1023 4023 dista,
1048 3937 1118 4011 etfi
1143 3960 1224 4010 non
1246 3938 1400 4033 semper
1418 3937 1580 4033 penitus
1604 3936 1738 4032 glabra
1760 3940 1855 4015 smt:
1885 3952 1933 4016 ut
1986 4034 1988 4039 ,

433 4073 473 4142 in
488 4067 661 4162 Fagara,
685 4066 967 4162 Zanthoxylo,
993 4064 1272 4162 Lithospermo
1288 4066 1437 4164 urvenst3

373 4253 524 4355 striata,
550 4242 600 4325 ef
609 4249 765 4344 quidem
780 4248 885 4323 striis
904 4247 973 4322 vel
991 4246 1358 4340 longitudinalibus:
1386 4244 1425 4316 in
1442 4241 1712 4320 Umbelliferis
1733 4256 1775 4321 et
1789 4248 1931 4345 pleris-
1976 4271 1978 4276 ¹

434 4402 514 4473 que
529 4378 639 4458 aliis;
665 4373 729 4449 vel
744 4375 1074 4450 transversalibus
1086 4384 1156 4446 aut
1169 4372 1359 4463 obliquis:
1380 4381 1426 4445 ut
1441 4374 1480 4443 in
1495 4369 1659 4454 Exaco,
1682 4369 1931 4470 Pentaphyl.

434 4505 473 4580 lo
495 4513 537 4578 et
557 4502 806 4597 Lysrmcahia
817 4498 983 4604 stellata·
1008 4501 1075 4575 vel
1095 4498 1338 4573 radiantibus
1365 4504 1530 4573 exarata
1548 4509 1593 4571 ut
1620 4501 1659 4570 in
1686 4497 1931 4575 Tradescan·

435 4633 489 4704 tia
509 4641 551 4703 et
565 4628 814 4704 Commelina
832 4626 1019 4708 Zanonia3

374 4809 538 4911 sulcata,
563 4808 813 4885 crassioribus
833 4808 907 4882 scil
923 4807 1052 4890 striis,
1077 4807 1204 4899 iisque
1228 4803 1295 4880 vel
1314 4801 1569 4899 simplicibus,
1594 4801 1658 4879 vei
1686 4803 1856 4879 ramosis
1874 4806 1932 4878 in·

437 4939 598 5038 scripta:
626 4939 668 5011 in
684 4934 868 5020 AEthusa,
893 4932 1149 5030 Psychotria‚
1184 4929 1420 5029 Pimpinella
1439 4928 1689 5023 agrimonoide.
1723 4928 1817 5003 Huc
1836 4952 1934 5023 quo·

1071 5079 1099 5155 q
1855 5076 1935 5151 que
