4852 6062
516 516 699 571 xxxvm
1229 492 1534 549 ΞΕ

521 702 935 791 Hauw1nrns<rl
970 697 1217 774 monstravit.
1294 698 1469 774 Dubium
1508 700 1639 794 itaque
1664 695 1821 774 nullum
1848 697 2042 798 superesse
2076 702 2219 800 potest,

520 837 755 932 quinetiam
787 833 825 901 in
854 827 1018 920 reliquis
1039 824 1250 909 Filicibus,
1285 836 1554 900 externorum
1591 826 1824 919 genitalium
1859 827 2127 902 masculorum
2157 829 2219 903 de·

521 960 667 1043 festus,
717 963 873 1032 interna
901 957 1007 1026 uteri
1040 953 1198 1026 feminei
1234 952 1464 1050 suppleatur
1494 952 1805 1045 organisatione,
1847 951 1887 1027 dt
1911 953 2222 1047 consequenter,

520 1091 615 1184 quin
647 1087 686 1161 ὅ(
707 1089 744 1157 in
769 1083 866 1165 iliis,
905 1079 1003 1153 s1cut
1026 1081 1065 1153 iu
1092 1078 1177 1153 aliis
1202 1078 1349 1177 plantis
1372 1082 1666 1175 cryptogamis,
1708 1078 1909 1152 masculus
1936 1099 2026 1152 cum
2051 1078 2221 1156 fernineo

520 1212 748 1290 commistus
772 1209 819 1282 fit
842 1218 1056 1304 apparatus
1077 1217 1123 1281 et
1141 1215 1271 1281 totum
1294 1204 1601 1281 soecundatiouis
1623 1206 1846 1298 negotium,
1871 1202 1940 1278 soli
1963 1213 2084 1280 utero
2104 1229 2127 1280 a
2148 1204 2224 1283 Na·

520 1355 613 1416 tura
637 1335 920 1412 concreditum.

618 1547 698 1621 His
719 1542 941 1621 rationibus
968 1537 1093 1626 dutti,
1130 1543 1378 1639 aphroditam
1401 1540 1549 1639 plantis
1571 1541 1845 1637 cryptogamis
1867 1540 2087 1615 attribuere
2106 1540 2222 1616 fabri·

520 1700 604 1757 cam
632 1672 734 1749 leand
759 1671 1002 1752 dubitamus3
1041 1691 1114 1742 nec
1142 1674 1351 1764 quisquam
1373 1666 1486 1740 facile
1515 1667 1693 1740 intimam
1726 1663 1825 1738 hanc
1847 1668 2070 1763 utriusque,
2087 1668 2222 1755 sexuS,

519 1803 588 1877 sub
614 1800 738 1896 specie
765 1795 923 1900 singuli,
956 1798 1164 1870 mirabitur
1183 1795 1389 1892 copulam,
1420 1797 1486 1888 qui
1507 1792 1784 1890 perpenderit,
1820 1792 1886 1867 vel
1909 1795 1945 1863 in
1968 1792 2048 1888 ipso
2064 1796 2224 1869 animali

520 1950 648 2020 regno
667 1923 943 2023 &praesertim
962 1923 1003 1995 in
1027 1920 1239 1999 Vermium
1265 1920 1451 2010 cohorte,
1486 1920 1592 1992 illam
1613 1940 1773 2013 quoque
1791 1940 1873 1992 non
1893 1918 1968 1994 else
1994 1919 2223 2018 infrequen-

520 2060 614 2131 tem.
665 2048 752 2127 Cur
770 2050 878 2122 enim
902 2056 984 2122 tam
1005 2047 1280 2146 compendiosa
1302 2045 1553 2123 soecundandi
1572 2045 1804 2129 methodus,
1831 2066 1913 2119 non
1935 2048 2086 2144 poterit
2104 2051 2225 2124 etiam

520 2181 653 2259 locum
681 2176 827 2255 habere
848 2177 889 2250 in
913 2194 1040 2268 regno
1062 2173 1296 2268 vegetabili,
1319 2176 1460 2268 inquo
1484 2171 1727 2246 connubium
1752 2174 1964 2268 utriusque
1986 2174 2110 2249 sexus
2132 2195 2245 2273 par-.

520 2310 641 2388 tium,
667 2324 749 2376 non
767 2300 893 2375 solum
912 2302 952 2375 in
968 2321 1048 2377 una
1066 2301 1268 2378 individua
1291 2299 1448 2398 planta,
1473 2299 1537 2374 sed
1554 2297 1594 2373 δι
1614 2299 1654 2371 in
1678 2319 1761 2372 uno
1778 2298 1997 2394 eodemque
2013 2298 2139 2395 flore,
2164 2301 2225 2375 ul-

520 2443 591 2509 tro
611 2429 658 2504 lit
680 2431 858 2503 omnium
879 2424 1257 2523 frequentissimum,
1289 2420 1688 2520 utitatissimumquel
1727 2425 1766 2498 bt
1788 2448 1860 2498 cur
1881 2427 2052 2501 mascula
2074 2448 2227 2521 organa

521 2579 602 2636 non
627 2564 821 2655 poterunt
834 2554 941 2629 uteri
957 2556 1134 2647 tegmine
1148 2549 1368 2652 complesti,
1394 2574 1486 2647 quae
1502 2554 1539 2626 in
1555 2552 1777 2646 gynandris
1794 2554 1921 2628 eidem
1938 2548 2226 2628 innascantur?

522 2678 568 2763 Si
589 2692 723 2757 autem
747 2678 1063 2773 concedendum,
1104 2681 1212 2788 quud
1235 2675 1432 2776 ejusmodi
1459 2678 1700 2754 modificatio
1733 2677 1963 2773 genitalium
1992 2702 2016 2752 a
2044 2679 2228 2783 stirpium

521 2819 665 2887 natura
687 2828 768 2880 non
794 2805 1025 2891 abhorream
1058 2807 1242 2890 ubinam,
1275 2806 1427 2901 quaeso,
1461 2804 1625 2899 felicius?
1639 2806 1826 2904 potuisset
1847 2810 1886 2879 in
1910 2803 2041 2881 aslum
2063 2805 2226 2892 deduci,

519 2936 681 3015 ubinam
704 2930 850 3007 institui
869 2926 1020 3029 aptius,
1045 2953 1164 3026 quam
1184 2937 1223 3007 in
1242 2932 1387 3032 plantis
1405 2928 1774 3030 impersettioribus,
1801 2932 1889 3005 ideo
1906 2928 2115 3008 restillime
2133 2954 2227 3029 cry·
2294 2944 2298 2949 ’

521 3060 722 3161 ptogamis
749 3053 887 3131 dietis?
929 3053 1023 3130 Non
1044 3060 1149 3133 enim
1170 3060 1234 3135 his
1252 3059 1330 3134 alte
1346 3068 1466 3157 caput
1482 3059 1596 3157 supra
1617 3060 1792 3153 reliquas
1810 3059 2029 3143 extollere,
2054 3081 2140 3132 non
2158 3081 2227 3132 au-

521 3208 586 3270 ra,
613 3184 768 3267 ventis,
795 3178 967 3267 infestis,
993 3182 1161 3278 aliisque
1177 3183 1487 3261 foecundationis
1503 3184 1752 3261 adminiculis
1776 3188 1852 3280 uti,
1884 3184 2129 3273 concess'um3
2163 3183 2229 3261 sed

522 3333 696 3411 repere,
732 3309 879 3402 mergi,
915 3307 1161 3394 obumbrari,
1195 3310 1361 3409 pedibus
1381 3313 1544 3405 calcari,
1576 3311 1681 3386 sorte
1701 3311 1855 3385 datum:
1892 3333 1991 3407 ergo
2009 3312 2050 3387 &
2066 3302 2240 3396 datum,

522 3437 630 3538 posse
656 3431 905 3518 certissimis,
932 3457 1045 3511 neca
1062 3436 1148 3510 casu
1167 3437 1453 3535 pendentibus,
1475 3436 1555 3511 frui
1576 3439 1738 3536 nuptiis.
1789 3432 1905 3512 Adde
1922 3438 1986 3513 his
2007 3440 2129 3514 etiam
2151 3439 2228 3512 fin·

521 3565 707 3660 gularem
729 3561 839 3636 illum
864 3564 969 3637 inter
991 3561 1148 3637 seminis
1178 3561 1538 3637 conformationem
1561 3562 1601 3639 &
1623 3564 1888 3638 mascularum
1910 3566 2085 3662 partium
2108 3565 2229 3641 sabri-

523 3715 610 3769 cam
637 3692 675 3761 in
701 3688 990 3782 vegetabilibus
1016 3688 1266 3772 consensum,
1311 3711 1365 3765 ex
1393 3713 1474 3784 quo
1503 3691 1732 3763 harmonica
1752 3715 1798 3764 ac
1828 3692 2023 3767 naturalis
2042 3693 2230 3788 quaedam

523 3818 710 3911 emergit,
752 3816 792 3891 ὅ(
815 3817 1066 3912 genitalium,
1101 3814 1335 3912 &ipsarum
1359 3837 1520 3909 quoque
1547 3815 1791 3914 plantarum,
1830 3816 2027 3911 gradatio,
2069 3813 2230 3916 ecujus

521 3944 619 4025 scala
644 3966 723 4019 non
744 3942 862 4039 polilt
875 3942 1083 4041 aphrodita
1105 3941 1252 4017 fabrica
1273 3941 1444 4018 excludi.
1496 3939 1675 4040 Nempe,
1709 3964 1797 4015 cum
1821 3944 1974 4017 nullum
1995 3945 2166 4044 prorsus
2190 3947 2230 4018 iu

518 4072 657 4168 planta
676 4067 783 4142 adest
796 4069 947 4150 semen,
979 4070 1042 4143 sed
1064 4068 1230 4166 simplex
1252 4076 1408 4141 tantum
1431 4089 1588 4161 gemma
1608 4063 1695 4163 ejus
1717 4077 1829 4145 tenet
1846 4068 2001 4155 locum,
2039 4072 2230 4166 genitalia

523 4193 842 4290 quoqneadsunt
861 4191 991 4278 nulla;
1033 4217 1123 4267 cum
1143 4204 1276 4267 autem
1303 4215 1447 4268 verum
1472 4193 1578 4268 adest
1606 4196 1755 4278 semen,
1791 4194 1857 4269 sed
1879 4197 2156 4295 inconspicuo,
2190 4206 2232 4273 et

524 4321 629 4415 quast
653 4321 859 4418 potentiali
883 4319 1016 4393 saltem
1038 4320 1261 4414 embryone
1284 4319 1484 4393 dotatum:
1527 4320 1634 4395 adest
1655 4343 1814 4415 quoque
1842 4344 1980 4397 merus
2010 4324 2232 4423 apparatus

527 4448 739 4529 semineus,
776 4454 818 4520 et
839 4446 1012 4520 mascula
1031 4467 1199 4539 organa,
1241 4457 1351 4520 certe
1372 4444 1560 4544 pollen&
1581 4448 1765 4532 anthera,
1803 4447 1971 4546 conspici
1996 4463 2262 4546 nequeunt3.

526 4596 670 4670 porro,
703 4593 794 4644 cum
822 4575 899 4646 rite
920 4571 1078 4667 quidem
1110 4572 1280 4647 formata
1309 4573 1348 4644 in
1374 4570 1522 4646 semine
1544 4572 1653 4647 adest
1671 4576 1907 4671 embryonis
1927 4577 2127 4679 radicula,
2166 4576 2234 4653 sed

526 4698 664 4796 scapus
682 4696 911 4772 indefinitus
932 4709 975 4774 et
996 4701 1034 4773 in
1050 4698 1193 4774 nucleo
1216 4700 1295 4771 alte
1310 4698 1533 4783 radicatus3
1558 4709 1643 4774 tum
1663 4705 1838 4800 primum
1859 4724 2020 4798 quoque
2040 4702 2151 4779 adest
2175 4708 2232 4777 in·

525 4825 745 4898 dubitatum
768 4825 900 4923 pollen
925 4824 966 4901 ἃ
993 4830 1166 4922 genuina
1193 4824 1377 4909 anthera,
1402 4832 1443 4898 at
1465 4822 1587 4902 decor
1609 4826 1701 4905 nori
1720 4829 1856 4904 nullus
1865 4854 1877 4916 ς
1906 4828 2096 4926 denique,
2136 4854 2233 4907 cum

2112 4959 2232 5058 plarre

573 5117 614 5173 ι.)
637 5100 757 5163 Theon
772 5112 903 5177 generet.
917 5122 948 5185 p.
963 5118 1004 5174 33.
