4878 6064
512 505 601 563 cun
1214 500 1522 541 m

511 716 739 803 vinculum,
772 721 891 809 atque
909 707 1136 804 generatim·
1152 705 1329 794 Natura,
1361 711 1403 782 in
1427 704 1694 807 producendis
1720 704 1830 780 hisce
1857 700 1988 775 nuclei
2014 701 2212 800 partibus,

510 844 689 942 primum
713 864 737 916 a
762 833 1034 938 fimpliciffima
1049 832 1259 910 albuminis
1277 841 1460 916 textura,
1495 833 1544 907 ad
1559 833 1687 925 magis
1704 830 1930 925 organicam
1953 825 2093 904 Vitelli
2110 827 2214 903 stru·

511 963 682 1050 staram,
719 966 759 1041 &
780 963 828 1047 ab
848 961 921 1035 hac
945 961 1154 1059 deinceps,
1192 959 1242 1034 ad
1261 956 1542 1059 persestiorem
1562 955 1849 1055 cotyledonum
1870 953 2058 1030 fabricam
2086 953 2216 1031 insana

511 1088 610 1165 libili
635 1091 754 1168 modo
779 1085 1001 1193 procedere
1018 1084 1215 1166 videatur.

1158 1373 1421 1485 CAPVT
1455 1371 1569 1485 XII.
1666 1486 1670 1493 ,

1318 1595 1413 1675 aa

982 1742 1747 1865 corrraaonraus

1143 1949 1585 1975 m*

510 2091 799 2243 cotyledones
820 2147 911 2220 sunt
930 2151 1068 2244 partes
1088 2145 1220 2221 nuclei
1248 2147 1467 2241 organicae,
1508 2143 1704 2243 simplices
1724 2145 1794 2246 aut
1806 2133 1971 2223 divisae,
2007 2120 2212 2234 quaa'una·

510 2295 601 2348 cum
628 2272 801 2346 radicula
828 2280 947 2367 atque
972 2270 1150 2370 plumula
1168 2271 1287 2368 ipsam
1318 2270 1556 2365 embryonis
1580 2264 1761 2343 efficiunt
1787 2285 2037 2363 compagem,
2074 2263 2114 2338 δι
2137 2285 2213 2362 per
2304 2368 2306 2372 λ

510 2400 842 2494 germinationem
863 2400 1021 2474 seminis
1040 2396 1304 2496 utplurimum
1322 2397 1363 2469 in
1378 2398 1507 2494 prima
1524 2415 1645 2471 novae
1662 2393 1810 2492 plantae
1831 2398 2129 2467 convertuntur
2140 2389 2212 2484 ¹so·

508 2524 620 2611 liola,
645 2522 848 2618 areliquis
864 2524 1058 2599 secuturis
1074 2524 1218 2620 saepius
1239 2521 1405 2599 diversa.
1454 2518 1647 2616 Juunro
1674 2520 1734 2612 (1)
1759 2516 1945 2592 dicuntur
1965 2512 2090 2593 Vulva
2103 2513 2210 2615 frmi-

508 2651 584 2734 nis,
609 2647 886 2724 Gnsrcnuuro
912 2647 1010 2746 (a),
1040 2643 1134 2726 Labi
1143 2644 1344 2746 seminales,
1370 2644 1410 2721 &
1432 2642 1535 2729 aliis,
1561 2637 1901 2742 Foliolusrminulis.
1951 2637 2032 2716 Sed
2050 2640 2212 2739 praestat

509 2774 777 2872 Cotyledonis
800 2795 967 2857 nomen,
1003 2797 1025 2846 a
1045 2771 1082 2844 L
1088 2792 1264 2852 inuno
1288 2768 1363 2866 (3)
1388 2768 1635 2867 adoptatum,
1670 2772 1762 2863 quia
1778 2775 1928 2842 certam
1946 2765 1986 2840 δι
2006 2766 2212 2841 definitam

509 2903 685 3002 partium
707 2920 790 2972 non
812 2898 989 2974 involvit
1014 2899 1206 2996 figuram,
1244 2905 1364 2994 atque
1392 2897 1433 2969 in
1451 2895 1712 2997 cotyledones
1729 2888 1923 2988 involutas,
1948 2913 2064 2988 aeque
2087 2891 2209 2989 bene,

509 3046 629 3121 quam
648 3028 688 3098 in
707 3021 862 3100 evolutus
886 3021 1065 3120 quadrat

608 3206 803 3301 Orginem
824 3209 933 3287 suam
955 3229 1011 3284 ex
1029 3207 1110 3307 ipso
1131 3209 1357 3306 embryone
1377 3209 1561 3294 trahunt,
1594 3201 1707 3303 cujus
1722 3210 1869 3308 quippo
1882 3208 2039 3306 semper
2052 3215 2210 3306 partem

510 3333 688 3413 efficiunt
708 3336 984 3428 integrantem.
1033 3332 1246 3432 sigillatim
1265 3356 1387 3421 vero,
1419 3336 1615 3436 simplices
1634 3334 1659 3409 s.
1676 3335 1853 3412 indivisae
1871 3335 2131 3431 cotyledones
2143 3356 2217 3412 cx·

509 3488 621 3541 mera
639 3461 802 3539 Corculi
829 3461 854 3534 l.
875 3462 995 3561 primi
1018 3461 1156 3560 pundti
1185 3461 1415 3537 medullaris
1438 3461 1674 3536 extensione
1700 3465 1740 3536 in
1766 3464 1933 3556 longum
1959 3465 2207 3545 excitantur,

509 3599 629 3685 atque
647 3586 746 3661 nihil
768 3586 875 3660 aliud
891 3588 1001 3672 sunt,
1024 3610 1142 3683 quam
1164 3588 1243 3687 ipse
1257 3588 1394 3686 scapus
1415 3589 1650 3683 embryonis
1671 3611 1694 3662 a
1716 3588 1887 3665 radicula
1903 3588 1969 3662 sua
1989 3591 2115 3681 magis
2133 3588 2206 3661 mi·

507 3736 641 3791 nusvc
671 3708 893 3796 distinslus,
930 3721 977 3788 ut
999 3716 1040 3788 in
1065 3712 1198 3810 Liliis,
1235 3712 1404 3798 Palmis,
1445 3712 1716 3789 Graminibus.
1773 3712 1998 3797 Geminatae
2023 3713 2206 3788 autems.

508 3836 732 3935 conjugatae
750 3838 1011 3934 cotyledones
1029 3839 1294 3917 formantura
1314 3839 1478 3925 fissuris,
1509 3861 1600 3934 quae
1616 3850 1772 3937 partem
1792 3839 1980 3926 Corculi,
2019 3840 2208 3914 radiculae

509 3964 727 4064 oppositam
751 3965 790 4035 in
811 3963 970 4041 lobulos
997 3968 1235 4065 plerumque
1258 3967 1432 4061 aequales
1457 3975 1576 4058 atque
1596 3968 1779 4060 geminos
1803 3966 1997 4044 dividunt.
2029 3996 2033 4035 1
2064 3965 2130 4041 Isti
2150 3966 2217 4041 lo-·

507 4092 609 4173 buli‚
634 4093 675 4164 in
694 4089 913 4188 primordio
936 4090 1022 4175 suo,
1052 4115 1162 4168 mera
1176 4092 1417 4166 aemulantur
1430 4090 1659 4195 tubercula,
1687 4091 1726 4166 δι
1749 4094 1789 4164 in
1809 4093 1947 4167 multis
1966 4114 2125 4187 quoque
2150 4092 2208 4166 se·

507 4217 680 4290 minibus
706 4212 806 4286 hanc
823 4213 993 4289 formam
1014 4219 1191 4292 retinent
1212 4220 1458 4312 immutatam
1466 4241 1477 4299 ;
1503 4216 1567 4290 sed
1592 4219 1631 4288 in
1647 4216 1752 4300 aliis,
1778 4216 1916 4292 sensim
1934 4228 2208 4294 extenuantur

508 4343 549 4413 in
572 4339 765 4422 lamellas,
805 4361 898 4433 quae
925 4338 1154 4419 divaricatis
1177 4344 1257 4419 suis
1286 4343 1360 4417 alis
1382 4342 1528 4434 liquori
1552 4339 1690 4415 Amnii
1720 4342 2044 4439 supernatant&
2071 4368 2126 4418 ex
2157 4368 2207 4419 eo

509 4487 627 4538 omne
640 4467 750 4539 suum
764 4464 1250 4553 trahuntnutrimentum,
1279 4476 1326 4542 ut
1338 4468 1445 4541 illius
1458 4474 1577 4563 atque
1591 4465 1729 4542 Chorii
1743 4468 1957 4567 dispendio,
1988 4470 2078 4569 ipsae
2089 4462 2207 4547 brevi

507 4602 730 4684 augeantur
754 4600 872 4689 atque
891 4587 1034 4690 justam
1066 4594 1352 4690 cotyledonum
1382 4591 1521 4667 sensim
1545 4596 1829 4669 nanciscantur
1860 4594 2042 4672 formam.
2097 4595 2206 4701 ⁴Quo

2037 4741 2207 4822 proprus

552 4908 593 4974 1.)
616 4900 726 4981 Isagog.
749 4905 925 4989 phytoacop.
948 4926 977 4991 p.
1002 4926 1040 4968 m.
1063 4925 1112 4985 44.
1135 4924 1182 4992 45.
1471 4906 1522 4986 ε.)
1545 4899 1653 4968 Philas.
1676 4905 1739 4968 bot.

549 5049 604 5117 2.)
627 5045 684 5106 Das
709 5046 820 5123 Neuste
842 5049 896 5108 dcc.
1111 5016 1115 5023 ἱ
