4878 6064
918 470 1226 533 Q
1855 470 1927 535 CH

220 678 339 763 dant,
391 679 442 750 ut
457 673 652 774 proxime
679 686 771 752 oum
788 672 929 755 Vitelli
950 676 1112 755 dotibus
1132 688 1253 776 atque
1279 673 1664 773 indole‘oonxruene
1695 649 1928 786 videantur}

219 801 469 900 quarundam
493 824 630 879 mmm
650 802 821 879 brevem
848 801 1040 880 faciemus
1058 810 1329 891 mentionem,
1361 814 1411 879 ut
1425 798 1498 883 vel
1520 808 1698 910 exempli
1717 812 1807 891 loeo
1827 816 1928 904 elle,

220 933 309 1019 vel,
330 929 362 1004 ti
378 931 556 1017 libeurit,
585 926 834 1031 Wteisispnrsi
846 935 1013 1006 minine
1030 952 1064 1030 a,
1075 930 1442 1028 oeuqmadistmgoi
1460 946 1622 1030 queant

317 1173 432 1250 Inter
456 1173 530 1249 hae
547 1170 761 1250 Rhizoboli
777 1169 917 1250 Perire
934 1173 1104 1249 nucleus
1122 1176 1298 1273 primum
1320 1185 1501 1254 meretur
1518 1178 1662 1255 locum.
1712 1179 1930 1261 Grandilli·

221 1323 315 1378 mus
338 1302 405 1376 ille
431 1299 510 1394 est,
544 1309 656 1374 totus
681 1300 891 1376 solidus&
916 1299 1171 1396 amygdalum
1200 1300 1407 1385 carnosus,
1446 1324 1688 1403 omnemque
1712 1311 1825 1388 testae
1849 1313 1931 1388 suae

221 1426 311 1503 fere
333 1425 440 1503 solus
457 1427 591 1525 replet
609 1427 843 1503 cavitatemt
867 1440 925 1500 ex
939 1428 1131 1500 anteriori
1147 1434 1282 1500 autem
1298 1426 1364 1502 sua
1380 1426 1456 1502 bati
1477 1429 1643 1508 brevem
1664 1435 1931 1538 &ancipitem

222 1553 377 1652 promit
389 1552 566 1651 scapum,
592 1554 662 1648 qui
674 1551 824 1628 sursum
844 1550 1022 1627 inflexus
1046 1552 1263 1629 &duobus
1290 1552 1439 1630 foliolis
1453 1555 1726 1651 cotyledoneis
1742 1567 1931 1638 termina·

222 1686 312 1772 tus,
344 1676 485 1753 nucleo
506 1680 665 1755 inferne
684 1679 887 1753 accumbit
937 1676 1056 1753 Patet
1070 1679 1229 1775 quidem
1250 1703 1307 1759 cx
1327 1680 1415 1767 his.
1442 1682 1551 1777 quod
1570 1683 1708 1783 scapus
1726 1687 1815 1773 ille,
1847 1713 1932 1763 em·

222 1805 331 1901 bryo
350 1825 495 1892 verus,
537 1806 706 1882 nucleus
729 1812 882 1888 autem,
916 1804 1047 1881 stritte
1074 1805 1302 1902 loquendo,
1336 1806 1436 1881 nihil
1455 1809 1562 1884 aliud
1583 1809 1649 1896 sit,
1687 1834 1806 1908 quam
1821 1812 1932 1891 istius

222 1931 461 2026 embryonis
478 1929 669 2018 radicula,
708 1932 750 2005 in
765 1951 974 2007 enormem
989 1926 1124 2008 saltem
1145 1924 1250 2009 illam
1269 1916 1418 2009 molem
1441 1936 1650 2036 ampliata3
1690 1950 1732 2015 at
1745 1942 1934 2035 quoniam

222 2059 315 2135 haec
342 2057 534 2144 radicula,
557 2058 608 2133 ab
634 2054 820 2132 omnibus
840 2054 1033 2134 hastenus
1052 2062 1222 2155 cognitis
1239 2058 1514 2146 diverriffima,
1540 2061 1679 2138 testam
1701 2065 1808 2140 suani
1836 2089 1936 2140 nune

224 2207 346 2281 quam
376 2202 529 2258 exuere
554 2174 702 2282 potest,
734 2176 799 2260 sed
815 2202 947 2259 novas
969 2174 1144 2260 &veras
1162 2176 1356 2264 radiculas
1381 2188 1448 2264 sub
1466 2190 1757 2283 germinatione
1773 2192 1935 2267 demum

225 2334 283 2387 ex
301 2311 340 2385 se
363 2304 586 2410 producere
609 2304 745 2396 debet,
781 2318 830 2385 ut
850 2309 985 2408 planta
1004 2319 1128 2387 terrae
1142 2312 1346 2406 affigatur:
1389 2313 1478 2390 ideo
1497 2336 1658 2411 quoque
1680 2327 1825 2391 natura
1845 2312 1933 2411 ejus

225 2432 410 2532 ambigua
437 2428 632 2515 &Vitelli
648 2429 937 2532 quodammodo
956 2439 1102 2515 aemula
1119 2439 1269 2514 censeri
1289 2439 1433 2540 potest.

323 2674 372 2751 In
390 2672 525 2776 Trapa
545 2668 679 2753 fimilis
703 2674 872 2753 nucleus
896 2674 1105 2754 anomalus
1129 2680 1314 2756 occurrit
1383 2668 1706 2776 Magnitudinem
1721 2670 1936 2782 'nempe'dr

224 2798 399 2881 formam
425 2800 537 2877 testae
564 2805 725 2881 cavitati
745 2800 1052 2902 respondentem
1076 2826 1121 2876 ac
1142 2800 1429 2882 consistentiam
1453 2828 1616 2903 quoque
1642 2808 1936 2905 amygdaioide-

225 2948 294 3006 am
319 2930 457 3015 habet,
483 2938 604 3025 atque
626 2936 739 3005 totus
754 2926 899 3006 solidus
920 2926 996 3015 est;
1022 2926 1218 3006 evertice
1240 2941 1373 3007 autem
1397 2931 1467 3007 suo
1483 2942 1654 3010 teretem
1671 2938 1824 3033 promit
1841 2936 1938 3010 radi·

228 3060 384 3143 culam,
414 3079 506 3151 quae
525 3056 626 3155 ipsa,
657 3056 778 3155 paulo
796 3056 912 3155 supra
937 3066 1073 3132 ortum
1095 3058 1233 3142 suum,
1267 3058 1511 3133 minutulam
1529 3061 1635 3156 gerit
1656 3060 1938 3157 cotyledonem

8 3188 9 3191 ‘
135 3261 138 3266 ,
228 3183 562 3281 squamisormcm,
586 3181 642 3269 dr,
667 3182 776 3278 quod
800 3183 927 3282 probe
954 3183 1194 3269 notandum,
1238 3183 1432 3259 enucleo
1457 3186 1540 3285 ipso
1556 3188 1717 3284 penitus
1739 3196 1938 3263 remotam

228 3321 350 3406 atque
368 3310 625 3405 segregatam.
674 3306 813 3384 Potest
838 3312 970 3404 ltaque
993 3310 1057 3383 hic
1074 3310 1260 3394 nucleus,
1287 3317 1383 3404 quin
1400 3309 1517 3386 deboc
1536 3304 1723 3387 madente
1739 3312 1939 3406 analogia,

227 3464 307 3541 pro
327 3432 477 3534 majore
490 3435 650 3510 seminis
667 3435 909 3531 cotyledone
928 3436 1088 3520 haberi;
1113 3432 1177 3509 sed
1198 3437 1321 3529 quiae
1336 3438 1492 3510 minore
1512 3437 1594 3522 illa,
1620 3446 1760 3514 contra
1776 3460 1939 3514 omnem
2000 3520 2003 3525 ,

229 3564 577 3646 consuetudinem,
611 3562 774 3636 notabili
791 3562 913 3659 spatio
936 3561 1066 3646 distat,
1101 3572 1221 3655 atque
1239 3560 1308 3635 sub
1331 3564 1622 3655 germmatione
1644 3576 1848 3658 nunquam
1862 3586 1940 3639 exa

227 3703 296 3768 tra
322 3690 462 3766 testam
487 3684 676 3762 offertore
715 3687 809 3762 hinc
828 3707 990 3782 quoque
1011 3686 1128 3760 dubia
1148 3680 1207 3762 est
1227 3681 1316 3781 ejus
1338 3682 1493 3762 indoles
1512 3690 1552 3765 δι
1571 3688 1709 3767 Vitelli
1732 3691 1940 3789 proxima,

229 3829 350 3915 atque
375 3816 455 3916 ipsa
471 3811 605 3912 Trapa
625 3811 1055 3911 monocotyledonibus
1069 3812 1235 3911 plantis,
1266 3814 1327 3887 uti
1349 3809 1621 3891 Annnsouus
1638 3836 1800 3912 quoque
1820 3815 1940 3914 suspla

230 3956 344 4022 entus
366 3942 442 4028 est,
476 3939 719 4019 viciniffima.
770 4030 772 4035 p
1272 3946 1284 3959 ”

328 4153 515 4249 Denique
531 4177 606 4232 nec
626 4153 905 4255 Cotyledones
924 4155 1139 4252 hypogaeoe
1160 4155 1186 4231 s
1205 4154 1488 4234 subterrestrcs
1504 4154 1592 4232 heic
1606 4150 1820 4231 reticendae
1838 4153 1955 4232 sunta

230 4283 418 4379 quamvis
438 4285 544 4357 enim
566 4294 736 4383 propter
750 4282 974 4378 regularem
994 4281 1102 4356 suam
1123 4280 1314 4367 formam,
1339 4282 1567 4385 &propter
1591 4280 1820 4362 radiculam,
1844 4267 1943 4352 sem

230 4432 308 4510 per
321 4417 442 4484 extra
456 4408 572 4485 lobos
596 4410 700 4508 ipsos
720 4406 908 4507 positam,
934 4429 1007 4484 nec
1023 4408 1071 4482 ab
1086 4429 1228 4481 eorum
1243 4408 1452 4502 substantia
1472 4407 1712 4491 contectam,
1736 4406 1944 4519 areliquia

232 4537 546 4641 cotyledonibus⁸
562 4536 674 4614 veris
699 4537 899 4631 segregari
921 4557 996 4609 nec
1014 4533 1159 4632 poffint
1175 4557 1249 4614 ncc
1268 4536 1455 4623 debeanta
1481 4546 1614 4613 tamen
1634 4535 1734 4618 illae,
1762 4531 1812 4606 ob
1834 4529 1944 4607 suam

231 4664 482 4759 germinandi
503 4666 795 4762 impotentiam,
829 4663 1051 4762 &propter
1071 4663 1187 4738 lobos
1212 4663 1322 4748 suos,
1363 4664 1468 4763 saepe
1493 4666 1674 4736 inunum
1697 4677 1845 4756 corpus
1861 4655 1943 4730 soli·

231 4791 328 4866 dum
343 4791 637 4901 coalescentes,
662 4799 710 4862 ut
731 4793 771 4863 in
785 4789 997 4882 Paullinia,
1022 4786 1258 4886 Tropaeum,
1285 4787 1581 4888 Hippocastano
1599 4787 1669 4861 &e
1685 4786 1783 4860 adeo
1799 4804 1944 4903 parum

231 4941 257 4993 a
270 4917 424 4996 Vitello
439 4915 596 4999 distant,
618 4923 666 4989 ut
684 4906 936 4993 artliffimum
953 4918 1090 5016 potius
1108 4920 1211 4991 inter
1227 4915 1313 4990 haec
1329 4918 1486 4992 viscera
1504 4912 1724 4988 intercedat
1741 4907 1943 4987 affinitatis

1735 5036 1944 5117 uinculum
