4878 6064
929 524 1234 566 ..ιιι-ιιι·
1725 523 1933 582 .cxxxv11

225 732 494 831 completum,
519 736 639 839 atque
660 728 973 830 incompletum,
998 734 1037 810 dr
1057 742 1228 829 uterque
1251 732 1398 807 horum
1418 730 1566 806 iterum
1587 734 1658 811 vel
1681 738 1930 813 membrana·

225 877 327 934 ceus
348 858 372 932 s.
392 858 606 941 exsuccus,
636 854 702 936 vel
719 859 855 934 mollis
874 869 947 935 aut
968 862 1149 936 baccatus
1162 858 1230 934 est.

329 1063 546 1164 completus,
577 1074 708 1143 totum
729 1068 861 1145 semen
890 1072 956 1147 vel
983 1074 1198 1145 maximam
1223 1068 1360 1142 saltem
1390 1062 1478 1162 ejus
1502 1077 1657 1166 partem
1686 1071 1858 1168 obtegit,
1892 1073 1932 1147 ὃ(

226 1197 360 1290 figura
388 1190 630 1291 potiffimum
663 1202 782 1288 atque
809 1195 1055 1271 consistentia
1083 1199 1149 1272 sua
1176 1194 1321 1271 differt.
1372 1191 1562 1268 Omnium
1592 1197 1932 1295 frequentiffimus

226 1324 287 1398 est
296 1317 511 1424 susfformi-l.
520 1315 1033 1416 scobisormimembranuceas,
1058 1326 1125 1417 qui
1143 1306 1218 1396 scilss
1241 1306 1544 1394 extenuissimo
1571 1323 1710 1396 tubulo
1729 1325 1928 1399 membra-

226 1471 378 1529 naceo,
404 1447 593 1538 utrinque
608 1454 835 1530 attenuato,
860 1457 980 1542 atque
995 1451 1118 1523 altera
1134 1450 1201 1523 sua
1212 1448 1468 1523 extremitate
1483 1450 1659 1539 acutiore
1673 1441 1822 1533 clauso,
1840 1448 1925 1523 for·

227 1553 380 1656 matur,
405 1571 444 1646 br
474 1573 513 1642 in
541 1570 666 1645 media
687 1571 754 1646 sua
772 1576 941 1649 cavitate
968 1575 1266 1649 minutissimum
1296 1575 1475 1648 continet
1499 1572 1632 1645 semen
1658 1571 1926 1666 globulosum,

227 1693 345 1796 cujus
364 1697 471 1772 solus
486 1698 695 1771 umbilicus
720 1721 809 1774 curn
834 1697 967 1773 Arillo
997 1701 1195 1775 cohaeret:
1227 1711 1273 1775 ut
1303 1703 1341 1772 in
1368 1695 1536 1793 Pyrola,
1561 1696 1696 1783 Ledo,
1713 1697 1927 1794 Phyladel-

226 1828 312 1926 pbo
337 1825 376 1900 br
400 1821 610 1897 Orchideis
633 1824 847 1921 plerisque.
895 1822 1104 1902 Claranus
1125 1827 1173 1900 fit
1203 1851 1258 1901 ex
1279 1826 1433 1900 eiastica
1451 1826 1595 1900 lamina
1625 1834 1745 1919 atque
1767 1828 1925 1904 seminis

225 1952 285 2028 sui
301 1949 427 2024 induit
445 1947 641 2023 formam:
671 1959 718 2023 ut
743 1953 783 2023 in
804 1950 963 2037 Coffea‚
989 1950 1239 2048 Nyctanthe,
1264 1952 1525 2027 Momordica,
1564 1947 1925 2050 Mainalion-pul-

220 2073 351 2176 posus,
382 2077 497 2166 isque
521 2077 631 2173 apice
654 2079 823 2173 pervius
852 2079 1021 2152 habetur
1048 2082 1088 2152 in
1118 2078 1362 2173 Euonymo3
1399 2078 1579 2153 elasticus
1604 2076 1643 2152 br
1667 2076 1849 2163 striatus,
1885 2082 1925 2152 in
2000 2075 2003 2081 ’
2065 2096 2069 2104 ·

227 2200 418 2282 Oxalidea
451 2200 556 2272 acin
578 2200 762 2297 philyrae
791 2202 963 2279 lineares
984 2204 1192 2297 eleganter
1213 2202 1359 2287 serbus,
1394 2206 1434 2276 in
1463 2202 1689 2277 Tetracera.
1739 2203 1926 2297 Denique

226 2309 347 2403 etiam
363 2322 525 2400 buccatas
549 2329 724 2400 occurrit
746 2329 788 2398 in
809 2323 984 2422 Scytalia
1005 2338 1124 2422 atque
1140 2328 1349 2412 Limonia,
1378 2339 1425 2403 ut
1444 2328 1645 2402 folliculos
1670 2327 1762 2413 illos
1781 2327 1923 2427 pulpo-

225 2455 291 2530 sos
309 2456 347 2525 in
363 2451 558 2546 Bryoniis
570 2450 769 2535 dieamus,
795 2454 864 2547 qui
881 2457 987 2528 inter
1004 2452 1179 2530 Arillum
1204 2454 1244 2530 δι
1262 2476 1423 2529 carnem
1440 2454 1696 2528 loculamenti
1714 2451 1827 2529 sardii
1844 2477 1924 2537 am-

225 2582 388 2677 bigunt,
416 2579 507 2674 quia
529 2599 612 2653 uno
634 2579 748 2680 plura
768 2563 976 2657 continent
993 2580 1147 2664 [emina.
1196 2587 1201 2595 '

327 2785 554 2887 Incumpletur
571 2789 736 2876 dicitur,
760 2795 828 2888 qui
843 2796 999 2892 partem
1017 2795 1191 2881 seminis,
1218 2817 1384 2890 eamque
1404 2794 1507 2894 saepe
1523 2792 1736 2870 admodum
1755 2814 1924 2893 parvam

229 2919 398 3011 obtegit,
427 2916 491 2991 sed
515 2938 605 2992 cum
623 2916 809 2992 umbilico
827 2918 1118 2997 adeofirmitcr
1137 2923 1337 3006 cohaeret,
1360 2932 1407 2996 ut
1425 2943 1596 2994 unacum
1612 2921 1757 2995 semine
1778 2944 1801 2993 e
1822 2920 1924 3016 peri·

227 3045 362 3141 carpio
381 3041 543 3123 decidat
592 3042 727 3118 Etiam
744 3044 836 3117 huic
848 3046 978 3139 figura
998 3057 1117 3142 atque
1139 3046 1386 3123 confistentia
1407 3049 1599 3145 competit
1616 3049 1747 3122 varia:
1780 3047 1832 3118 ita
1846 3044 1923 3117 scil.

225 3162 440 3267 simplicem
459 3168 670 3245 aemulatur
684 3170 847 3263 ligulam
864 3174 1204 3247 membranaceum
1224 3177 1263 3247 in
1278 3172 1489 3255 ramera,-
1516 3177 1694 3269 geminas
1710 3170 1838 3247 refert
1853 3191 1923 3266 pa-

227 3297 313 3370 leas
329 3294 622 3397 conduplicatas
647 3299 687 3369 in
704 3295 886 3383 Pedali03
911 3300 1069 3373 laminae
1084 3300 1220 3375 tenuis
1240 3298 1369 3398 &per
1394 3300 1586 3374 ambitum
1611 3300 1761 3374 ciliatae'
1780 3307 1849 3372 aut
1865 3298 1923 3369 la-

226 3443 333 3494 cerae
345 3420 515 3494 formam
531 3421 651 3495 habet
663 3425 702 3494 in
711 3420 1029 3508 Commersonia,
1055 3424 1213 3498 Delima
1225 3425 1263 3499 ὃ(
1274 3423 1478 3523 Capnoide
1486 3450 1497 3510 3
1525 3427 1750 3499 coriaceum
1766 3422 1806 3496 &
1819 3421 1921 3495 mul-

225 3548 381 3622 tifidum
398 3547 518 3622 efficit
536 3549 697 3623 seminis
716 3546 990 3624 indumentum
1008 3552 1048 3622 in
1063 3549 1294 3646 Myristica,
1324 3553 1363 3625 in
1385 3573 1463 3646 qua
1483 3553 1694 3649 proprium
1716 3546 1921 3625 Muciano·
2017 3616 2019 3621 ,

223 3695 319 3748 men
334 3673 471 3758 habet;
496 3673 701 3767 fungosam
719 3663 867 3747 format
882 3675 1060 3771 capulam
1081 3677 1120 3747 in
1145 3674 1366 3755 Abrornate
1385 3678 1424 3753 &
1449 3677 1666 3759 Paullinia3
1692 3675 1731 3748 ἃ
1750 3673 1919 3763 denique

224 3797 440 3894 glandulofi
459 3809 527 3889 aut
542 3797 697 3896 pulpoli
713 3797 943 3873 infundibuli
960 3800 1220 3897 repraesentat
1239 3803 1424 3899 speciem,
1449 3806 1512 3877 cui
1530 3803 1695 3895 seminis·
1706 3798 1916 3872 umbilicus

224 3926 303 4001 alte
334 3924 542 3999 immersus
565 3924 683 3999 estin
705 3921 902 4022 Cupania,
933 3921 1149 4020 Alettryo,
1186 3924 1365 4025 Xylopia
1388 3929 1460 4004 &c
1488 3951 1578 4023 quae
1597 3925 1755 4021 quidem
1781 3931 1918 4021 partes

224 4071 367 4125 omnes
384 4052 516 4148 aptius
528 4045 647 4125 Arilla
666 4046 887 4146 incompleto,
910 4072 1030 4144 quam
1051 4053 1357 4127 merisumbilici
1374 4054 1647 4130 additamentis
1663 4048 1919 4125 annumerari

223 4173 332 4274 polle
346 4176 551 4258 videntur,
577 4175 666 4268 quia
686 4184 841 4279 partem
862 4175 1020 4252 seminis
1045 4179 1261 4264 occultant,
1286 4178 1326 4255 dr
1339 4200 1430 4256 cum
1450 4180 1542 4281 iplis
1559 4162 1647 4275 ejus
1668 4181 1918 4274 integumen-
1961 4269 1963 4274 ,

221 4304 278 4377 tis
292 4305 520 4402 proximam
541 4299 689 4375 habent
706 4299 948 4379 affinitatem.
