4878 6064
899 504 1209 572 .....··-··-··“.......,
1828 516 1909 570 0111

195 720 417 816 Bignonia,
442 713 626 808 Cleome,
653 709 911 805 Chelidonio,
937 717 1124 805 Glaucio‚
1154 719 1357 820 Hypecoo
1374 719 1446 798 &a
1461 721 1745 819 reperiundae,
1771 727 1909 823 appel-

196 849 327 921 lamus
345 843 534 945 Capsulas
545 840 741 944 filiqaosas,
767 868 914 941 easque
934 870 956 918 a
978 847 1034 920 sui
1057 846 1246 922 fimilibus
1263 848 1435 945 capsulis·
1453 844 1736 947 rlaplispamir:
1762 860 1809 925 ut
1831 848 1907 926 Al-

198 972 397 1055 lumandaa
415 969 641 1077 Sarothrae,
668 968 882 1058 Swertiae,
908 970 1137 1058 Gentianae,
1163 972 1309 1070 Alcyri
1319 973 1389 1052 &e
1411 974 1594 1069 distingui
1608 975 1753 1050 debere
1767 1000 1904 1051 moue-

200 1122 309 1183 mus,
340 1100 432 1193 quia
452 1099 492 1171 in
513 1099 600 1182 his,
630 1098 785 1172 nullum
801 1099 976 1176 valvulis
1008 1095 1259 1195 interjettum
1283 1100 1340 1175 est
1365 1101 1555 1177 seminum
1588 1104 1910 1203 receptaculum,

199 1227 297 1301 ficut
325 1230 364 1298 in
395 1224 500 1299 illis:
545 1247 634 1297 cum
669 1233 802 1299 autem
838 1227 957 1300 nimis
990 1226 1213 1322 scrupulosa
1247 1227 1377 1301 videri
1408 1228 1533 1326 pollet
1566 1229 1653 1304 haec
1691 1230 1916 1319 diffinitio,-

200 1378 288 1427 eam
312 1355 351 1424 in
372 1350 579 1425 Centuriis
602 1353 865 1444 negleximus,
890 1351 932 1429 &
954 1355 1168 1447 utriusque
1189 1348 1308 1450 hujus
1328 1352 1488 1428 fabricae
1509 1356 1703 1455 capsulas,
1741 1380 1908 1454 genera-

201 1483 270 1554 tim
285 1475 467 1584 filiquosus
480 1478 673 1552 diximus.

862 1698 1125 1859 creua
1161 1751 1255 1858 vr..

1008 1972 1106 2049 aa

395 2102 856 2233 arcaeraerto
887 2153 1181 2237 erueras
1205 2155 1420 2262 arare
1442 2152 1724 2238 Sauram·

204 2505 539 2658 Receptacul'um
564 2558 734 2646 dicitur,
760 2563 867 2658 quod
890 2564 1070 2664 partibus
1094 2559 1408 2637 fructificationis
1432 2558 1537 2635 baim
1557 2560 1597 2635 δι
1621 2564 1920 2638 nutrimentum·

203 2688 373 2786 praebet
424 2684 531 2759 Hinc
556 2686 707 2784 duplex
741 2690 857 2764 nobis
888 2689 1214 2765 conliderandum
1245 2692 1359 2763 venit
1391 2686 1706 2785 receptaculum,
1742 2693 1914 2764 alterum

204 2836 355 2910 nempe
373 2809 531 2907 fratirs,
567 2813 607 2889 δι
637 2815 810 2890 alterum
835 2813 1007 2916 seminis,
1053 2815 1128 2892 etsi
1158 2826 1376 2911 utrumque
1403 2816 1548 2915 saepius
1577 2836 1711 2889 unum⁴
1731 2817 1915 2911 idemque

205 2936 426 3038 eiiepoffit

306 3121 568 3223 Receptacalum
594 3123 744 3221 sautius
759 3127 817 3202 est
844 3126 907 3202 illa
937 3147 1049 3225 pars,
1087 3149 1186 3221 quae·
1205 3125 1476 3225 pericarpium·
1501 3131 1575 3199 aut
1598 3124 1729 3201 semen
1763 3125 1917 3201 nudum

206 3274 301 3324 cum
318 3252 526 3326 matresua
544 3254 676 3350 planta
694 3250 910 3338 connectit,
938 3256 1066 3348 iisque
1088 3277 1164 3352 pro
1194 3252 1324 3327 fulcro
1348 3253 1522 3327 inservit.
1572 3249 1670 3328 Tale
1690 3261 1920 3352 receptacu-

205 3380 312 3460 lum,
339 3378 409 3453 vel
425 3376 589 3472 lingulis
612 3377 808 3455 iruttibus
831 3380 963 3453 datum
982 3379 1040 3455 est
1063 3379 1281 3473 singulum,
1308 3379 1377 3454 vel
1402 3380 1539 3475 plures
1562 3382 1630 3452 uni
1656 3379 1833 3454 insistunt
1860 3401 1919 3454 re*

207 3499 414 3601 ceptaculo
430 3508 641 3578 communi.
691 3505 736 3581 In
755 3508 882 3604 priori
897 3506 1003 3591 casu,
1027 3508 1101 3581 vix
1117 3509 1155 3579 in
1171 3500 1327 3578 c'enlum
1342 3507 1482 3580 venire
1484 3505 1593 3595 solet
1605 3504 1920 3603 receptaculum,

207 3630 275 3706 sed
298 3652 375 3728 pro
397 3652 510 3702 mero
526 3630 696 3705 habetur
720 3628 876 3704 fructus
894 3632 1138 3729 pedunculo,
1166 3629 1236 3704 nifi
1263 3653 1335 3728 per
1363 3633 1630 3706 maturitatem
1658 3630 1825 3705 crassitie
1849 3631 1918 3704 vel

207 3755 462 3852 longitudine
491 3758 560 3832 sua·
581 3756 786 3851 iniigniter
806 3754 962 3832 auitum
985 3758 1025 3833 δι
1049 3758 1175 3834 valde·
1188 3757 1443 3853 conspicuum
1464 3754 1608 3831 factum
1630 3757 1786 3831 fueritz·
1802 3766 1851 3830 ut
1877 3760 1919 3828 in

207 3881 390 3980 Acajuba
408 3884 448 3958 δι
463 3881 721 3968 Anacardio„
737 3906 911 3977 quorum
936 3883 1185 3982 pedunculus
1203 3887 1242 3957 in
1264 3884 1417 3957 baccam
1432 3885 1707 3968 convertitur3
1733 3893 1801 3958 aut
1822 3880 1922 3956 ficut

210 4014 252 4085 in
275 3994 692 4109 Typha.‚‘ll¹[orisonia
714 4012 752 4086 δι
773 4010 1022 4096 Granadilla,
1055 4032 1228 4107 quorum
1255 4006 1501 4106 pedunculus
1534 4006 1738 4103 infigniter
1762 4011 1919 4103 elonga·

208 4147 300 4221 tur,
324 4138 429 4212 unde
452 4149 494 4211 et
515 4133 710 4232 ejusmodi
728 4141 946 4237 pericarpia
961 4134 1382 4236 particellula-dicuntur.
1431 4133 1477 4207 I'n
1502 4136 1786 4211 alternantem
1813 4135 1920 4220 casu,
1968 4186 1970 4190 ι

210 4266 343 4358 magis
363 4267 527 4362 proprie
552 4268 848 4364 receptaculum
872 4266 1015 4339 dieitur
1045 4265 1175 4347 locus,
1210 4262 1415 4354 areliquis
1445 4262 1625 4359 partibus
1649 4261 1852 4338 distinctus
1879 4274 1928 4338 et

212 4389 531 4490 peculiarisaepe
558 4391 686 4465 forma
712 4393 900 4469 domtus,-
915 4394 976 4465 cui
1002 4386 1157 4463 fruitus
1177 4389 1319 4485 plures
1347 4387 1546 4462 infistunt:
1573 4387 1646 4462 Ille
1662 4412 1763 4465 vero
1784 4390 1920 4472 locus,

214 4519 285 4593 vel
306 4520 438 4601 intra,¹
454 4517 523 4592 vel
550 4516 653 4592 infra
674 4518 818 4593 liorem
846 4517 1084 4592 constitutus
1101 4513 1179 4601 est,
1202 4523 1321 4609 atque
1342 4514 1435 4588 hinc
1454 4512 1716 4613 Receptamlum
1735 4539 1923 4599 commune,

214 4645 285 4722 vel
298 4643 485 4742 superum
504 4640 578 4727 est,
603 4646 678 4722 vel
696 4646 890 4719 inferum..

320 4824 522 4927 Superum
543 4830 859 4929 receptaculum,
887 4831 926 4902 in
949 4822 1158 4901 nonnullis
1179 4825 1288 4900 adeo-
1305 4823 1514 4918 angustum
1537 4830 1582 4897 et
1600 4820 1823 4922 deprell'um
1848 4822 1922 4909 est,

217 4967 268 5032 ut
288 4958 373 5033 uix.
388 4957 538 5034 attendi
567 4966 801 5035 mereatum.
830 4958 870 5032 in
901 4950 1127 5039 Thaliam,
1157 4950 1497 5046 Potamogetone,
1529 4945 1767 5037 Tetracera3
1805 4951 1924 5072 etita

1763 5096 1925 5170 quoque
