4878 6064
952 568 1262 599 ““““““““““““
1773 568 1952 626 CXXXIX

241 779 367 844 cente
389 769 627 866 embryone,
654 766 747 845 a'nte
764 769 925 846 seminis
948 775 1240 858 maturitatem,
1267 772 1512 850 hauritur&
1534 774 1707 867 deletum
1730 780 1772 856 tir
1800 784 1948 862 iterum

242 899 342 981 alia,
373 895 584 972 veriffimo
594 896 753 991 quidem
776 896 914 995 stipata
933 898 1022 973 sunt
1036 900 1260 993 albumine,
1284 900 1349 977 iod
1374 902 1442 975 iilo
1467 901 1568 978 adeo
1591 928 1714 1002 pareo
1737 917 1857 1003 atque
1883 920 1946 986 te-

243 1027 337 1107 nui,
363 1032 410 1096 ut
430 1023 543 1098 facile
566 1022 870 1121 praetervideri,
893 1026 990 1117 quin
1011 1024 1053 1098 ὃ(
1074 1025 1282 1100 commode
1302 1028 1451 1120 negligi
1478 1028 1610 1124 pellit,
1637 1035 1730 1125 quia
1747 1035 1867 1110 satius
1888 1038 1947 1113 est

245 1148 403 1225 nullutn
426 1152 636 1225 admittere
653 1149 855 1233 albumen,
890 1170 1008 1242 quam
1026 1151 1130 1237 tale,
1154 1152 1263 1246 quod
1283 1172 1367 1225 non
1394 1152 1443 1227 fit
1458 1157 1537 1229 rite
1560 1157 1824 1258 conspicuum.

346 1365 392 1438 In
404 1357 651 1457 dijudicanda
672 1363 796 1454 igitur
812 1359 1021 1435 albuminis
1043 1346 1270 1460 praesentia,
1297 1365 1541 1463 potissimum
1562 1371 1610 1446 ad
1622 1367 1714 1467 eius
1735 1369 1944 1447 craffitiem

244 1490 551 1592 respiciendum,
577 1496 694 1582 atque
722 1486 810 1560 haec
827 1486 926 1560 fixis
955 1486 1178 1562 definienda
1196 1490 1252 1565 est
1271 1492 1480 1578 limitibus,
1506 1507 1552 1570 ut
1570 1502 1680 1571 omni
1702 1498 1943 1591 ambiguitati

242 1621 337 1695 ansa
355 1613 605 1717 praecidatur.
656 1613 794 1707 Itaque
816 1612 863 1688 ad
880 1610 1011 1710 semina
1026 1608 1284 1712 exalburninosa
1300 1638 1383 1691 non
1402 1629 1557 1694 tantum
1581 1623 1793 1698 referimus
1812 1647 1877 1708 ea,
1903 1627 1945 1697 in

241 1747 392 1840 quibus
409 1743 528 1841 plane
545 1737 701 1815 nullum
716 1734 837 1834 hujus
858 1739 987 1814 nuclei
1002 1741 1129 1836 partis
1147 1739 1253 1815 adest
1272 1742 1502 1837 vestigium,
1525 1755 1574 1820 ut
1595 1749 1636 1820 in
1656 1746 1943 1831 Zannichellia,

239 1867 477 1965 sagittaria,
502 1864 676 1941 Bankiia
699 1864 770 1941 &a
791 1865 855 1940 sed
874 1866 915 1939 δι
934 1866 1066 1937 omnia
1088 1864 1176 1950 illa,
1203 1889 1375 1960 quorum
1390 1864 1594 1957 albumen,
1627 1872 1862 1949 tenuiffimae
1880 1876 1944 1948 sal-

242 2006 326 2073 tem
340 1997 498 2070 laminae
513 1992 686 2067 carnosae
698 1992 843 2090 specie,
871 1995 1145 2084 integumento
1160 1992 1318 2069 seminis
1333 1997 1492 2075 interno
1504 1999 1709 2084 minatum,
1736 2000 1943 2093 eidemque

243 2124 311 2198 sua
335 2119 502 2197 crailitie
523 2117 694 2213 aequale,
720 2116 790 2192 vel
811 2116 851 2190 ὅ(
876 2119 1037 2192 tenuius
1058 2116 1138 2212 esti,
1168 2128 1217 2191 ut
1244 2120 1284 2191 in
1311 2118 1445 2215 Pyro,
1477 2121 1614 2208 Citro,
1652 2122 1882 2221 Amygdalo
1905 2125 1946 2200 &

244 2250 333 2323 aliis
348 2249 480 2323 variis
531 2243 685 2320 Contra
702 2250 835 2315 autem
859 2239 998 2319 Semina
1009 2237 1221 2340 albuminosa
1246 2266 1326 2319 non
1344 2249 1521 2323 eamodo
1536 2250 1739 2333 dicuntur,
1765 2273 1942 2344 quorum

243 2376 427 2449 albumen
444 2375 658 2446 maximam
680 2368 812 2441 nuclei
825 2367 949 2443 efficit
967 2376 1140 2466 partem,
1167 2378 1213 2444 ut
1240 2373 1282 2444 in
1308 2371 1479 2459 Tritino,
1510 2373 1676 2459 Canna,
1710 2374 1853 2450 Coffea
1870 2375 1940 2450 &a

242 2501 522 2578 verumetiam
536 2497 602 2570 illa
616 2496 767 2576 omnia,
796 2495 838 2565 in
856 2495 1001 2588 quibus
1019 2495 1180 2569 carnosa
1200 2507 1270 2570 aut
1282 2498 1452 2574 farnaria
1464 2499 1675 2575 albuminis
1690 2500 1835 2574 lamina
1849 2522 1941 2598 pro·

241 2630 356 2702 ximo
372 2626 440 2700 suo
454 2627 731 2718 integumento
745 2619 949 2696 manifeste
965 2618 1209 2704 nalsaorest,
1237 2632 1282 2697 ut
1301 2628 1342 2702 in
1355 2625 1607 2711 Allamanda,
1633 2624 1815 2721 Pegano,
1833 2624 1940 2700 Mal·

244 2742 380 2832 'vaceis
400 2747 547 2839 &aliis
573 2748 719 2823 multis
775 2808 782 2819 .

340 2920 420 2995 His
435 2918 625 2993 limitibus
641 2915 979 3013 circumscriptum
993 2914 1176 2989 albumen
1193 2919 1332 3014 utique
1351 2923 1391 2994 in
1410 2923 1546 2998 multis
1561 2920 1772 2997 seminibus
1785 2918 1940 3003 delicit,

242 3054 362 3141 atque
378 3048 545 3139 integrae
560 3044 704 3117 dantur
720 3039 879 3115 familiae
896 3041 1116 3125 naturales,
1150 3044 1188 3114 in
1202 3045 1348 3136 quibus
1366 3048 1476 3121 nulla
1495 3042 1583 3144 ejus
1600 3047 1768 3123 habetur
1781 3047 1939 3127 umbra,

241 3177 343 3248 utin
357 3170 624 3270 Compositis,
649 3167 933 3251 Verticillatis,
958 3161 1184 3262 Siliquofis‚
1210 3168 1507 3248 Cucurbitaeeis
1524 3174 1566 3249 δι
1583 3169 1836 3272 Asperifoliis
1855 3172 1940 3245 om'·

241 3300 371 3375 nibus.
419 3298 465 3373 In
482 3299 570 3372 aliis
589 3318 715 3379 vero,
733 3296 920 3409 'maxima
937 3314 1033 3392 pars
1055 3314 1250 3388 generum
1266 3295 1463 3397 albumine
1479 3308 1605 3383 caret,
1632 3298 1726 3373 dum
1747 3297 1822 3371 alia
1841 3319 1939 3396 pau-

241 3429 350 3501 ciora
365 3426 434 3499 illo
457 3420 643 3506 instrutio
661 3422 772 3507 sunt,
797 3422 905 3494 utin
930 3417 1229 3513 Leguminofis3
1255 3422 1462 3501 &iterum
1489 3429 1530 3500 in
1553 3425 1659 3507 aliis,
1691 3423 1805 3499 versa
1827 3424 1939 3506 vice,
1976 3469 1980 3473 -

242 3542 363 3651 plura
377 3551 635 3632 albuminosa,
657 3570 779 3643 quam
804 3547 1100 3622 exalbuminosa
1117 3547 1473 3646 deprehenduntur
1487 3556 1659 3645 genera,
1682 3556 1728 3622 ut
1746 3550 1786 3621 in
1801 3548 1940 3645 Dipsa-

240 3680 324 3752 eeis
347 3687 467 3771 atque
486 3674 717 3751 Malvaceis
765 3671 827 3747 At
850 3682 1181 3767 quantuscunque
1206 3679 1325 3750 etiam
1356 3677 1419 3750 hic
1440 3674 1619 3751 defettus
1647 3675 1779 3751 videri
1802 3670 1937 3771 poffit,

239 3816 374 3880 tamen
389 3804 480 3886 ille,
505 3822 589 3876 non
602 3799 721 3875 modo
738 3801 785 3873 ab
800 3800 887 3872 aliis
905 3797 1115 3873 ordinibus
1140 3800 1400 3876 naturalibus:
1428 3799 1710 3885 Graminibus,
1734 3797 1938 3897 Cyptrol-

239 3931 347 4016 deis,
372 3929 538 4010 Palmis‚
562 3924 694 4012 Litus,
720 3923 977 4011 Orchidibus,
1008 3923 1300 4013 Umbelliferis,
1334 3922 1533 4012 Stellatis,
1566 3923 1783 4010 Tricoccis,
1814 3924 1937 4019 vagi·

239 4058 418 4140 nalibus,
443 4053 664 4137 Coniferis,
692 4048 1008 4146 Multifiliquosrs
1033 4050 1105 4124 &a
1118 4074 1264 4129 verum
1288 4054 1408 4127 etiam
1420 4054 1468 4126 ab
1491 4054 1643 4145 ingenti
1656 4073 1853 4145 vagorum
1865 4072 1936 4145 ge-

237 4204 384 4257 nerum
417 4202 609 4263 numero,
643 4180 787 4274 quibus
813 4180 961 4276 quippe
990 4176 1215 4254 constanter
1242 4178 1483 4251 albuminosa
1511 4178 1658 4251 semina
1683 4184 1935 4275 competunt,

237 4308 338 4382 adeo
352 4309 483 4406 ample
504 4307 545 4382 ἃ
560 4308 727 4400 largiter
750 4306 1046 4402 compensatur,
1075 4312 1124 4376 ut
1146 4304 1332 4379 omnibus
1354 4306 1525 4397 cognitis
1552 4304 1766 4396 generibus
1784 4305 1823 4375 in
1842 4323 1934 4375 cen·
1972 4292 1974 4296 ’

237 4435 324 4509 sum
346 4437 520 4517 vocatis,
540 4430 660 4526 longe
681 4425 806 4524 major
825 4430 1177 4518 albuminosorum,
1202 4450 1320 4520 quam
1347 4431 1518 4503 aliorum
1541 4428 1733 4504 seminum
1757 4435 1937 4523 emergat
1958 4499 1961 4505 .

237 4581 456 4646 numerus,
480 4571 599 4655 atque
612 4560 699 4632 haec
712 4557 790 4654 ipsa
803 4554 1012 4630 albuminis
1028 4555 1268 4648 frequentia,
1292 4549 1380 4650 ejus
1392 4558 1555 4652 quoque
1570 4555 1802 4650 dignitatem
1815 4561 1935 4648 atque

236 4688 408 4763 usumin
428 4686 650 4761 oeconomia
668 4682 881 4776 vegetabili
901 4682 991 4757 satis
1007 4680 1047 4755 δι
1066 4680 1220 4775 abunde
1234 4683 1402 4757 evincat.

338 4870 573 4967 Praecipuus
586 4868 774 4942 nimirum
794 4865 1003 4943 albuminis
1026 4865 1120 4940 usus
1138 4888 1187 4939 eo
1200 4862 1327 4947 redit,
1352 4872 1400 4936 ut
1416 4862 1650 4956 embryoni,
1675 4864 1782 4936 intra
1800 4862 1933 4941 semen

235 4997 440 5093 concluso,
464 5019 543 5094 pro
569 4993 697 5071 fulcro
718 5017 764 5069 ac
779 4994 995 5076 tutamine,
1021 4991 1149 5066 eidem
1172 5013 1275 5067 vero
1297 4990 1555 5084 germinanti,
1584 5011 1661 5088 pro
1683 4991 1931 5066 nutrimento

1074 5135 1096 5191 s
1123 5134 1146 5188 2
1816 5120 1935 5207 atque
