4852 6062
879 540 1184 577 ''¹¹¹⁸''-
1755 545 1882 609 xavu

882 573 1185 601 *m

174 748 211 818 in
232 738 457 842 primordio
482 760 621 816 rerum
643 742 821 834 accensa,
849 743 889 817 in
910 741 1112 817 infinitum
1135 743 1356 841 divisibilis,
1391 746 1431 825 δι
1450 748 1491 823 in
1512 770 1634 831 omne
1657 773 1792 833 aevum
1811 756 1879 835 du·

174 880 333 955 ratum,
360 866 520 953 residet,
545 890 618 941 cur
639 870 819 963 inquam,
843 870 941 945 viva
962 866 1027 943 illa
1047 870 1216 963 granula
1240 873 1470 952 medullaria
1486 885 1571 952 tota
1588 878 1796 955 abeuntia
1818 883 1877 961 se.

174 999 295 1072 minis
320 1005 456 1094 partes
478 994 710 1077 cortieales,
755 996 906 1069 inertes
928 1003 1049 1089 atque
1069 994 1261 1072 caducas?
1300 998 1340 1073 δι
1365 1021 1440 1075 cur
1457 1001 1610 1078 necesse
1630 1003 1708 1091 est,
1740 1008 1876 1085 utili.

173 1122 281 1196 unde
306 1144 416 1196 nova
437 1119 571 1196 ovuiis
595 1119 791 1194 inseratur
809 1118 1005 1204 medulla,
1030 1119 1239 1216 siquidem
1260 1144 1435 1219 unquam
1454 1129 1721 1225 producendae
1748 1153 1876 1212 novae

172 1248 278 1346 proli
301 1256 396 1344 apta
416 1247 527 1337 ¹sieri
561 1244 760 1322 debcant?
809 1245 900 1321 Has
928 1244 1211 1345 insuperabiles
1246 1247 1500 1328 difficultates
1531 1252 1764 1337 Hraurus
1793 1259 1873 1359 (ι)

171 1371 465 1467 quodammodo
486 1374 651 1455 vitavit,
691 1369 852 1466 quando
874 1369 1025 1457 statuit,
1076 1373 1178 1448 solas
1206 1373 1397 1450 seminum
1419 1382 1574 1457 tunicas
1604 1388 1791 1484 proprias
1814 1411 1874 1467 ex

170 1500 291 1575 inerti
313 1497 381 1573 ista
403 1494 573 1574 medulla
599 1496 721 1591 fingi,
760 1497 946 1573 nucleum
964 1519 1088 1581 vero,
1132 1498 1199 1572 seu
1229 1521 1376 1575 novam
1399 1503 1619 1601 plantulam
1647 1516 1871 1609 provenire

170 1646 227 1701 ex
254 1623 404 1723 polline
430 1622 634 1700 anthemii.
684 1615 768 1696 Sed
786 1645 840 1700 ne
867 1622 972 1699 hane
994 1624 1154 1719 quidem
1188 1624 1300 1700 ovuli
1327 1624 1458 1705 stncu
1479 1639 1526 1705 et
1550 1633 1701 1730 absque
1725 1639 1870 1717 nucleo

169 1752 286 1827 sinti
312 1747 475 1845 genesin
499 1749 653 1824 admitti
676 1746 802 1848 posse,
841 1749 933 1827 inde
959 1759 1094 1849 patet:
1141 1749 1303 1844 quodin
1325 1774 1373 1826 ea
1397 1758 1527 1830 orarii
1546 1752 1787 1851 juventute.
1827 1766 1870 1840 in

168 1900 250 1974 qua
274 1879 396 1954 ovula
420 1876 660 1970 gignuntur,
705 1874 862 1949 nullum
885 1875 1013 1951 adhuc
1035 1874 1144 1951 istius
1165 1875 1348 1951 medullae
1367 1879 1465 1955 adsit
1488 1881 1722 1979 vestigium
1760 1888 1869 1984 quod

167 2005 292 2082 ovula
307 2002 527 2102 parietalia‚
552 2001 593 2073 in
606 1996 905 2076 Cucurbitaceis
926 2001 1019 2076 &in
1040 2000 1196 2077 Halelia
1216 2001 1435 2098 praesertim
1459 2015 1579 2101 atque
1595 2007 1769 2096 Nemee,
1795 2038 1868 2090 ex·

166 2140 232 2204 tra
257 2129 469 2203 medullam
484 2126 625 2226 posita,
660 2125 864 2204 manifeste
878 2150 934 2203 ex
950 2129 1054 2204 uteri
1077 2128 1256 2226 partibus
1282 2130 1534 2209 corticalibus
1557 2136 1796 2235 procedant3
1827 2136 1868 2216 dc

164 2254 274 2350 quod
293 2257 401 2332 iners
414 2254 479 2327 illa
500 2253 681 2334 medulla,
707 2276 781 2329 nec
795 2253 949 2326 baccata
962 2252 1108 2328 semina
1121 2250 1334 2337 Gloriosae‚
1358 2277 1433 2332 nec
1445 2261 1740 2339 meniscoideo·
1753 2264 1866 2372 sene-

164 2378 288 2455 strata
309 2375 509 2476 Bradlejae
534 2380 560 2458 s.
581 2376 796 2460 Gtoehidin
834 2399 966 2475 neque
992 2381 1110 2453 etiam
1134 2378 1290 2476 lapideo
1316 2379 1510 2456 asbestina
1535 2380 1698 2461 Carnirii
1727 2387 1767 2462 δι
1790 2384 1864 2465 Sa.

163 2505 298 2604 pindi,
342 2507 585 2605 producere,
618 2507 716 2586 imo,
747 2524 800 2576 ne
817 2511 950 2602 aptam
974 2505 1134 2599 quidem
1156 2507 1204 2580 iis
1228 2504 1427 2581 struendis
1451 2508 1656 2584 materiem
1681 2498 1874 2608 prae‘bere

163 2643 295 2729 queat
360 2632 469 2709 Hinc
489 2634 654 2707 omnino
675 2625 822 2705 recuus
843 2629 984 2712 ovula,
1031 2652 1088 2705 ex
1108 2632 1272 2730 propria
1297 2632 1404 2704 uteri
1424 2630 1631 2708 substantia
1646 2641 1863 2734 prognasci

162 2756 200 2833 dc
228 2766 340 2840 tota,
365 2782 440 2858 per
457 2756 712 2857 epigenefin,
737 2778 847 2831 nova
869 2754 968 2831 strui
990 2755 1225 2848 censentur,
1253 2777 1378 2849 quum
1399 2755 1476 2855 ipsa
1497 2780 1658 2853 quoque
1685 2764 1860 2845 ocularis

163 2882 369 2984 inspestio,
415 2888 458 2959 in
480 2883 689 2975 Colchico,
727 2880 834 2956 Lilio
860 2880 900 2955 ἃ
921 2880 1030 2965 aliis,
1077 2881 1114 2955 id
1141 2881 1365 2955 luculenter
1391 2882 1633 2997 confirmare
1663 2887 1860 2971 videatur.

163 3015 470 3112 Quamprimum
492 3033 636 3108 nempe
657 3018 816 3094 uterus,
861 3009 901 3081 in
925 3005 1005 3082 istis
1019 3002 1182 3104 plantis,
1215 3007 1256 3077 in
1276 3004 1342 3083 sua
1362 3005 1625 3081 loculamenta
1639 3015 1780 3107 partiri
1802 3017 1859 3089 in·

163 3143 276 3238 cipit,
314 3148 410 3211 tunc
425 3156 588 3231 quoque
602 3158 657 3209 ex
673 3134 819 3209 horum
832 3132 980 3227 angulo
1003 3133 1162 3207 interno
1178 3127 1451 3205 minutissimas
1472 3134 1661 3228 quasdam
1674 3136 1861 3216 efflores-

163 3288 255 3339 cere
280 3262 467 3337 videmus
491 3257 718 3359 papillatus,
775 3280 867 3353 quae
883 3280 984 3333 mox
1004 3255 1179 3330 obesulae
1201 3254 1248 3331 ἃ
1275 3258 1315 3329 in
1344 3279 1489 3333 conum
1511 3259 1715 3357 fastigiatae
1746 3263 1857 3349 sunt,

161 3391 278 3466 bncvi
298 3385 387 3487 post
404 3396 536 3460 autem
568 3408 623 3459 ex
644 3387 755 3482 apice
774 3384 845 3459 suo
867 3384 1073 3459 multoties
1101 3381 1169 3456 libi
1197 3386 1394 3458 minorem
1415 3384 1621 3479 globulum
1644 3399 1857 3484 promunt.

162 3520 227 3610 qui
253 3511 392 3589 sensim
415 3514 454 3584 in
475 3533 621 3586 verum
640 3509 867 3603 grandescit
887 3509 1074 3594 ovulum,
1117 3508 1210 3582 dum
1231 3519 1371 3582 contra
1392 3511 1578 3607 papillula
1596 3511 1674 3609 ipsa
1697 3515 1733 3586 in
1754 3513 1856 3589 funi-

162 3639 292 3715 culum
307 3634 568 3714 umbilicalem
588 3636 829 3731 gracilescat
846 3630 921 3711 >Sic
940 3637 1062 3729 igitur
1076 3637 1296 3729 generatim
1317 3636 1459 3729 liquet:
1490 3635 1597 3729 quod
1619 3660 1672 3710 ex
1696 3642 1856 3728 ovario,

161 3769 353 3862 primum,
378 3764 538 3839 seminis
557 3759 870 3858 receptaculum,
900 3760 940 3835 δι
958 3783 1014 3833 ex
1031 3761 1108 3834 hoc
1132 3758 1319 3858 deinceps
1339 3757 1504 3834 ovulum
1526 3762 1730 3858 procedat3
1769 3765 1854 3864 spe.

160 3895 289 3966 ciatim
317 3912 439 3967 vcro:
483 3887 590 3983 quod
618 3911 675 3962 ex
701 3887 899 3961 connubio
927 3886 1112 3960 vasorum
1143 3884 1342 3982 spiralium
1374 3884 1398 3959 s.
1433 3886 1694 3960 nutrientium
1731 3899 1853 3983 atque

160 4017 485 4116 spermaticorurn
507 4016 637 4113 prima
663 4021 857 4087 texantur
885 4011 1044 4085 funiculi
1074 4008 1304 4084 umbilicalis
1325 4007 1567 4094 rudimenta,
1604 4012 1644 4086 ἃ
1666 4013 1773 4106 quod
1794 4038 1852 4091 ex
1958 4042 1965 4051 ⁸

157 4137 279 4237 hujus
311 4143 471 4218 demum
503 4137 778 4233 extremitate,
815 4138 856 4211 in
888 4137 1125 4236 sphaerulam
1155 4136 1293 4213 saitem
1316 4134 1483 4230 [laxam
1513 4135 1638 4236 ipsum
1671 4149 1853 4234 emergat
1897 4213 1898 4218 Ν

157 4268 338 4343 ovulum.

254 4472 334 4551 His
350 4473 634 4574 simplicissimis
654 4477 890 4573 originibus,
916 4470 1185 4572 simplicissima
1200 4495 1361 4569 quoque
1379 4472 1491 4548 ovuli
1508 4470 1718 4569 respondet
1730 4473 1849 4551 sabri-

156 4624 218 4676 ca:
256 4602 573 4699 quandoquidem
597 4626 717 4677 omne
744 4626 871 4680 ovum
891 4599 1113 4696 vegetabile
1130 4620 1267 4674 merus
1282 4599 1329 4674 lit
1343 4599 1529 4693 globulus
1550 4598 1755 4694 pulposus,
1793 4624 1848 4677 cx

156 4716 345 4801 uniformi
368 4727 408 4802 δι
431 4728 681 4821 homogenea
706 4727 911 4803 substantia
931 4726 1128 4804 conflatus
1146 4739 1264 4820 atque
1280 4729 1354 4800 vix
1375 4721 1611 4797 discernibili
1638 4723 1847 4819 epidermi·

154 4851 202 4927 de
223 4850 406 4931 vestitus.
470 4852 572 4928 Haec
597 4858 637 4929 in
656 4851 923 4935 diverfiffimis
944 4854 1158 4950 generibus
1173 4850 1398 4928 constanter
1414 4850 1567 4924 obtinet
1585 4847 1749 4934 fabrica,
1771 4874 1847 4928 nec

1716 4976 1843 5051 ullum

196 5079 243 5162 a.)
266 5084 369 5161 Vrget.
391 5076 458 5151 syn
478 5098 509 5164 p.
529 5098 569 5141 m.
591 5082 654 5157 164.
