4852 6062
1102 501 1585 588 PRAEFATIO.

491 728 674 830 plerique
686 723 774 823 post
792 715 879 818 ejus
892 728 1076 821 tempora
1089 722 1281 814 botanici,
1305 716 1374 795 vel
1390 719 1430 791 in
1443 712 1533 790 solis
1547 713 1715 792 floribus
1732 769 1743 802 ,
1768 715 1840 795 uel
1856 717 1896 791 in
1913 722 2087 792 externa
2101 720 2189 789 tan.

490 896 577 957 tum
604 904 649 955 ac
680 880 833 956 rudiori
859 876 1147 971 acquieverunt
1169 871 1371 951 fruetuum
1400 872 1571 956 fabrica3
1602 881 1671 946 aut
1692 871 1721 944 sr
1742 872 1922 948 nonnulli
1946 893 2108 957 eorum,
2142 879 2189 945 ut

490 1036 802 1118 Maurruems,
827 1029 1383 1114 Gnaw1us,PArsous1us,
1409 1024 1635 1112 Maestus,
1666 1024 1935 1104 Annusouus
1964 1026 2005 1103 δι
2025 1022 2112 1111 alii,
2148 1027 2190 1102 in

490 1189 744 1274 enucleandis
760 1183 1023 1263 seminibus&
1042 1185 1084 1256 in
1099 1183 1342 1259 dilucidanda
1360 1186 1518 1258 interna
1533 1180 1735 1258 frustuum
1749 1183 1914 1267 fabrica,
1939 1176 2047 1257 suam
2062 1176 2184 1255 collo·

492 1356 635 1423 carunt
647 1364 829 1446 operam
854 1361 936 1415 non
950 1347 1082 1414 tamen
1096 1337 1269 1453 multum
1285 1360 1352 1414 ars
1368 1338 1457 1413 inde
1471 1336 1661 1436 profecit,
1676 1341 1898 1433 quianimis
1913 1357 2074 1437 parcum
2089 1334 2188 1409 fruc·

490 1510 606 1575 tuum
625 1519 841 1573 numerum
860 1495 928 1570 suo
950 1487 1201 1588 subjecerunt
1218 1493 1426 1578 scrutinio,
1451 1501 1521 1567 aut
1531 1451 1627 1588 quia
1646 1502 1784 1592 partes
1805 1492 2081 1569 exhibuerunt
2100 1491 2188 1565 soli-

491 1660 613 1735 tarias
630 1656 669 1729 δι
690 1662 809 1727 extra
822 1669 977 1723 nexum
995 1659 1115 1747 atque
1129 1647 1245 1723 situm
1261 1649 1375 1724 suum
1393 1650 1614 1724 naturalem
1629 1646 1796 1747 politas,
1822 1657 1884 1731 ut,
1909 1669 1985 1722 nec
1999 1649 2107 1730 veri,
2133 1667 2188 1719 ex

492 1809 743 1909 incompletis
756 1805 837 1880 istis
857 1803 1240 1891 adumbrationibus,
1266 1808 1354 1881 erui
1374 1804 1521 1904 possmt
1539 1801 1742 1879 frustuum
1762 1798 2033 1887 charadteres,
2057 1822 2188 1895 neque

492 1971 612 2041 etiam
629 1965 774 2038 mirum
789 1959 858 2045 sit,
885 1959 992 2054 quod
1010 1962 1050 2034 in
1069 1961 1172 2035 hanc
1185 1983 1313 2057 usque
1330 1961 1433 2035 diem
1447 1963 1518 2038 vix
1535 1960 1630 2046 alia,
1656 1980 1775 2057 quam
1794 1960 1983 2056 empirica
2003 1956 2120 2032 detur
2132 1954 2205 2032 se·.

493 2121 598 2195 mina
611 2116 872 2213 cognoscendi
891 2118 1012 2201 ratio;
1041 2117 1148 2211 quod
1170 2081 1249 2216 ipsa
1273 2121 1446 2218 partium
1469 2120 1631 2195 nomina
1652 2114 1874 2192 adhucdum
1895 2112 1972 2189 sint
1988 2130 2110 2208 vagam
2149 2108 2189 2184 δι

493 2275 600 2373 quod
618 2273 863 2366 dogmaticus
882 2268 1083 2346 fruetuum
1101 2271 1212 2357 usus,
1236 2273 1525 2350 recentioribus
1548 2270 1814 2371 temporibus,
1839 2268 1907 2345 vel
1925 2268 2042 2366 plane
2065 2264 2189 2343 suerit

492 2426 717 2525 neglettus,
741 2424 864 2502 vel&
876 2433 1113 2523 contemtus.
1139 2424 1219 2501 His
1238 2386 1372 2523 iraque
1385 2430 1485 2504 artis
1496 2424 1711 2503 desedibus
1729 2424 1770 2499 &
1783 2422 2076 2522 impedimentis
2088 2443 2189 2516 quo·

493 2581 701 2660 dammodo
721 2582 883 2660 obviam
905 2584 986 2666 ire,
1010 2580 1050 2656 δι
1068 2582 1250 2665 maximi,
1281 2583 1589 2677 quantumfieri
1611 2582 1778 2681 poterit,
1804 2577 2006 2655 frudtuum
2029 2578 2190 2650 numeri

493 2748 668 2813 curatam
684 2744 894 2811 anatomen
914 2759 959 2811 ac
975 2736 1134 2836 plenam
1151 2736 1308 2812 tradere
1321 2738 1540 2832 historiam,
1566 2737 1774 2838 praesentis
1793 2736 1948 2834 operis,
1971 2726 2087 2828 cujus
2107 2731 2188 2830 pri·

493 2915 603 2968 mum
620 2890 829 2976 volumen,
855 2888 967 2966 Bm.
983 2891 1071 2966 heic
1083 2892 1291 2990 conspicis,
1316 2897 1459 2971 unicus
1474 2894 1532 2972 est
1548 2892 1713 2993 scopus,
1737 2892 1778 2969 δι
1796 2894 1986 2993 princeps
1998 2888 2094 2963 smis
2112 2886 2189 2979 ille,

491 3057 539 3124 ut
552 3043 707 3121 fruitus
727 3070 783 3121 ex
798 3047 837 3122 se
855 3047 955 3145 ipso,
983 3044 1023 3120 δι
1038 3066 1091 3120 ex
1108 3068 1156 3122 eo
1172 3046 1358 3148 deinceps
1376 3060 1503 3135 mater
1520 3051 1672 3148 planta,
1697 3048 1827 3123 finon
1846 3048 1885 3120 in
1899 3045 2104 3128 omnibus,
2129 3053 2189 3118 ta-

387 3192 393 3215 *
493 3223 585 3277 men
609 3202 648 3274 in
679 3201 865 3299 plurimis
888 3197 1062 3285 casibus,
1100 3201 1244 3278 melius
1273 3222 1392 3298 quam
1413 3205 1580 3280 antehac
1598 3204 1778 3313 cognosci
1804 3198 1930 3299 poffit.
1980 3196 2190 3274 Dividitur

492 3364 625 3428 autem
643 3358 819 3454 praesens
838 3358 916 3431 hoc
934 3353 1125 3434 volumen
1145 3359 1184 3431 in
1207 3357 1303 3433 duas
1323 3368 1483 3458 partes,
1515 3359 1564 3436 de
1585 3380 1756 3455 quarum
1776 3358 1945 3454 singula,
1971 3374 2078 3429 nunc
2091 3373 2188 3452 pau·

492 3533 538 3584 ca
556 3514 740 3604 quaedam
759 3523 881 3589 erunt
900 3512 1194 3609 praemonenda.

590 3838 635 3914 ln
651 3842 779 3939 priori
793 3838 964 3917 sessione
980 3840 1029 3915 de
1043 3835 1362 3935 generalioribus
1377 3838 1512 3914 saltem
1526 3842 1659 3934 agitur
1677 3816 1877 3915 frustuum
1895 3829 2187 3915 affeuionibus,
2219 3829 2224 3839 ’

492 3994 719 4077 nominibus
735 3993 808 4067 scil.
819 3995 950 4070 forma
967 3995 1006 4070 &
1024 3992 1261 4069 differentiis
1280 3995 1471 4089 partium,
1496 4014 1666 4066 necnon
1685 3992 1733 4066 de
1748 3994 1921 4086 origine,
1946 3990 2189 4065 formatione

491 4147 803 4245 &discrepantia
818 4146 975 4221 seminis
991 4149 1120 4222 veria
1136 4146 1304 4236 gemmis
1321 4143 1642 4240 simplicioribus:
1671 4168 1765 4242 quae
1780 4149 1911 4220 omnia
1933 4144 1982 4218 ad
1993 4139 2184 4241 Carpolo

490 4309 596 4399 giam
615 4323 776 4401 puram,
798 4322 917 4396 quam
935 4301 1053 4375 solam
1078 4301 1119 4373 in
1142 4280 1328 4396 praesenti
1348 4319 1557 4385 curamus,
1588 4300 1764 4401 spectare
1786 4301 2034 4380 videbantur.
2083 4294 2189 4372 Cum

492 4461 625 4552 itaque
649 4454 698 4530 de
718 4455 1015 4533 foecundatione
1032 4454 1144 4530 ovuli
1167 4454 1206 4525 in
1229 4450 1375 4550 plantis
1394 4455 1696 4553 perfedtioribus
1719 4460 1926 4536 dicendum
1953 4464 2066 4540 erat,
2103 4468 2189 4527 non

492 4613 786 4696 dubitavimus,
824 4614 864 4685 in
890 4576 1210 4686 Konnneurenr
1235 4609 1465 4686 sententiam
1492 4622 1667 4711 utroque
1697 4616 1799 4715 pede
1821 4612 2011 4709 transire,
2042 4622 2190 4712 utpote

492 4764 714 4844 certissimis
731 4767 1019 4868 experimentis
1033 4766 1082 4840 ad
1102 4766 1261 4865 plenam
1272 4786 1401 4859 usque
1416 4767 1657 4847 eristionem
1671 4765 1921 4869 perdut‘tam:
1947 4794 2036 4846 cum
2052 4777 2189 4842 autem

492 4924 541 4999 de
557 4924 780 5023 plantarum
797 4920 1134 5022 imperlettiorum
1148 4924 1247 4997 sexu
1259 4924 1382 5000 verba
1394 4923 1713 5008 erantsacienda,
1737 4921 1938 5000 Guucrur
1955 4927 2188 5024 opinionon

2102 5102 2186 5154 noll
