4852 6062
915 478 1219 535 m
1862 494 1917 556 '111

210 682 384 756 alienum
405 682 503 765 erit,
533 680 724 756 brevibus
741 705 969 780 exponere:
993 684 1088 778 quid
1101 684 1266 782 proprie
1287 703 1443 776 gemma
1458 680 1523 766 sse
1553 703 1735 778 quaenam
1753 686 1918 763 habean-

212 817 280 881 tur
297 830 437 881 earum
458 808 626 906 species3
650 806 690 881 ὁ(
712 808 856 901 quibus
876 809 1018 905 fignis,
1045 811 1227 902 abortu,
1253 808 1512 892 formatione,
1539 803 1659 906 atque
1682 814 1917 893 evolutione

214 934 278 1007 sua
292 936 445 1031 petitis,
472 933 789 1029 dignoscantur?
817 958 897 1031 quo
918 920 1072 1010 fac'ilius
1083 958 1152 1011 eas
1163 936 1353 1035 deinceps
1368 962 1389 1010 a
1406 939 1566 1032 genuini
1582 938 1740 1014 seminis
1765 962 1917 1019 acervo

212 1059 410 1157 separare,
436 1061 476 1136 &
492 1073 679 1156 tanquam
693 1066 928 1160 peregrinas
948 1063 1129 1163 stipulas,
1159 1085 1215 1138 ex
1235 1089 1284 1137 eo
1299 1065 1521 1139 eventilare
1543 1084 1751 1159 queamus.

310 1240 456 1319 Gemma
473 1247 624 1339 itaque,
651 1267 770 1339 quam
788 1246 828 1321 &
848 1240 996 1320 Germen
1011 1242 1119 1323 reue
1137 1245 1288 1327 dicunt,
1315 1246 1534 1338 generatim
1557 1243 1614 1319 est
1629 1267 1778 1342 corpus
1798 1269 1916 1344 orga-

212 1371 347 1443 nicum
379 1394 403 1443 e
424 1370 649 1468 plantarum
684 1373 892 1471 superficie
923 1372 1191 1470 pullulans&
1216 1397 1239 1444 a
1266 1374 1442 1470 propriis
1469 1394 1606 1445 earum
1636 1395 1681 1446 ac
1710 1379 1919 1473 perpetuis

213 1496 407 1570 membris
424 1499 536 1571 initio
557 1497 774 1582 diversum,
800 1496 907 1592 quod
927 1506 1061 1572 autem
1080 1496 1208 1573 trastu
1224 1501 1443 1595 temporis,
1470 1498 1536 1572 vel
1552 1498 1592 1569 in
1607 1507 1763 1595 partem
1780 1505 1920 1576 matris

212 1621 293 1696 suae
316 1621 413 1706 abit,
446 1623 514 1697 vel
533 1623 580 1696 ab
602 1646 648 1695 ea
662 1624 851 1708 solutum,
876 1624 957 1698 solo
979 1623 1019 1698 δι
1048 1623 1212 1725 simplici
1234 1624 1456 1699 substantiae
1480 1622 1560 1696 suae
1582 1626 1762 1722 propriae
1793 1628 1920 1702 incre·

213 1758 370 1831 mento,
391 1749 431 1819 in
445 1768 592 1822 novam
606 1748 803 1845 plantam,
832 1748 978 1824 adultae
999 1747 1251 1846 limillimam‚
1280 1751 1429 1845 absque
1439 1751 1595 1848 praevia
1608 1747 1920 1840 foecundatione‚

211 1874 471 1975 procrescere
487 1873 607 1950 valet

312 2052 476 2155 Species
495 2075 744 2149 gemmarum
764 2055 972 2132 statuimus
984 2066 1175 2152 quatuor:
1200 2054 1384 2156 aphyllas
1402 2055 1519 2148 duas,
1544 2053 1792 2151 totidemque
1808 2050 1920 2136 folia-

212 2202 307 2256 ceas
322 2192 392 2256 aut
410 2183 653 2277 squamosas,
677 2180 843 2282 nempe:
868 2184 1156 2284 Propaginem,
1181 2180 1438 2280 Gongylum,
1465 2180 1644 2256 Bulbum
1663 2192 1784 2278 atque
1800 2185 1920 2265 Gem-

217 2332 325 2386 mam
345 2305 478 2385 {triste
498 2307 551 2383 fic
570 2305 721 2384 dictam.

315 2491 490 2588 Propago
521 2490 579 2566 est
619 2513 787 2587 germen
812 2491 1151 2592 ssmpliciffimum,
1186 2487 1414 2591 aphyllum,
1452 2489 1776 2589 polymorphon,
1811 2515 1920 2569 nunc

216 2618 378 2717 penitus
401 2617 572 2703 nudum,
597 2639 706 2693 nunc
733 2619 908 2692 corticali
938 2620 1054 2694 theca
1079 2618 1325 2701 conclusum,
1359 2616 1466 2712 quod
1498 2616 1658 2689 tandem
1695 2617 1834 2741 spurte
1871 2621 1920 2697 de

216 2743 433 2819 matresua
456 2743 598 2820 secedit
622 2743 662 2818 ὃ(
685 2745 879 2819 seminum
900 2768 1013 2819 more
1036 2746 1243 2845 spargitur.
1295 2740 1489 2818 Germina
1517 2742 1727 2837 granulosa
1745 2741 1917 2821 Ososrr

214 2867 293 2967 (r.)
316 2866 438 2965 hujns
461 2872 541 2944 loci
562 2867 639 2943 effe
665 2869 868 2947 videntur.
1889 2860 1892 2867 ’

314 3046 497 3150 Gorgylos
520 3050 578 3126 est
595 3072 763 3146 germen
787 3050 1122 3155 limpliciffimum,
1154 3049 1378 3151 aphyllum,
1409 3049 1705 3144 subglobosum,
1731 3052 1918 3148 solidum,

210 3177 322 3251 intra
342 3179 481 3252 matris
507 3179 696 3251 corticem
715 3175 894 3260 haerens,
921 3201 997 3252 nec
1020 3177 1092 3251 nisr
1111 3204 1161 3252 eo
1180 3202 1253 3276 per
1272 3179 1423 3252 senium
1441 3149 1756 3271 deliquesc'ente‚
1782 3182 1830 3254 ab
1850 3181 1919 3255 ista

211 3304 356 3400 sponte
378 3303 573 3380 secedens.
623 3301 818 3376 Proxima
845 3304 1035 3380 affinitate
1053 3300 1239 3399 jungitur
1263 3304 1471 3378 tuberibus
1498 3304 1699 3388 radicum;
1737 3306 1801 3380 sed
1826 3309 1918 3402 quia

212 3427 354 3503 Tuber
374 3429 518 3528 saepius
542 3431 750 3528 proprium
769 3428 915 3525 plantae
933 3433 1155 3506 membrum
1175 3430 1250 3513 est3
1275 3432 1366 3525 quia
1382 3429 1588 3528 multiplici
1608 3433 1705 3506 vitae
1722 3435 1917 3530 principio

212 3555 354 3637 scatet,
379 3564 426 3627 ut
443 3558 561 3629 etiam
581 3578 655 3653 per
675 3553 798 3628 frusta
822 3554 1058 3631 disseminari
1079 3556 1215 3655 poffit3
1241 3556 1281 3631 ὃ(
1301 3560 1392 3652 quia
1408 3579 1556 3633 novam
1573 3556 1749 3655 plantam
1764 3558 1918 3633 nonnisi

212 3705 271 3756 ex
293 3680 510 3780 praegressa
533 3705 689 3777 gemma
712 3682 875 3757 foliacea
902 3683 1105 3780 producit:
1132 3683 1220 3759 ideo
1248 3681 1506 3781 Gongylum,
1539 3686 1601 3758 cui
1617 3683 1682 3758 hae
1700 3684 1815 3759 dotes
1833 3705 1917 3758 non

211 3818 472 3908 competunt,
498 3810 589 3884 satis
610 3833 634 3882 a
650 3810 794 3885 tubere
810 3808 1009 3885 diversum
1034 3810 1247 3885 censemus.
1376 3862 1384 3869 -

313 3986 450 4067 Bulbos
471 3990 528 4066 est
554 3968 720 4085 germen
745 3987 1024 4088 compostum,
1059 3988 1351 4083 subglobosum,
1382 3986 1660 4091 subaphillum,
1698 4012 1753 4065 ex
1785 3990 1918 4064 carina

213 4113 442 4194 breviffima
456 4118 496 4193 ὃ(
510 4117 679 4212 squamis
698 4116 935 4191 succulentis
956 4113 1091 4190 crassis
1107 4118 1446 4216 compaginatum,
1469 4114 1577 4221 quod
1596 4113 1754 4190 tandem
1778 4116 1917 4215 sponte

213 4253 385 4321 amatre
405 4243 472 4318 sua
495 4239 671 4319 solvitur.
719 4240 885 4342 Duplex
906 4243 1075 4319 habetur
1100 4244 1261 4319 bulbus:
1288 4242 1461 4319 tunicatos
1485 4251 1607 4336 atque
1622 4238 1768 4341 solidus.
1819 4242 1917 4328 Hic,

214 4394 275 4445 ex
299 4369 420 4443 solido
442 4392 613 4467 corpore
633 4372 797 4445 carnoso
817 4368 1084 4453 construstus,
1111 4371 1348 4468 plerumque
1368 4390 1489 4443 novae
1503 4368 1651 4466 plantae
1666 4370 1775 4441 initia
1795 4378 1917 4444 extus

213 4494 287 4569 fibi
307 4496 424 4570 habet
440 4493 585 4577 affixa;
620 4497 822 4570 tunicatus
841 4508 972 4573 autem
992 4496 1039 4570 fit
1060 4502 1114 4569 e'x
1131 4494 1313 4594 pluribus
1331 4494 1500 4590 squamis
1517 4494 1800 4589 concentricis,
1821 4517 1917 4590 quae

214 4620 392 4696 novellae
412 4622 560 4719 plantae
580 4621 914 4724 rudimentumin
938 4632 1076 4698 centro
1096 4600 1250 4699 forent

307 4832 347 4913 r.)
371 4826 516 4893 Element.
537 4831 640 4893 boran.
662 4851 692 4915 p.
713 4848 755 4907 35.

1026 4988 1100 5044 aa
1668 5060 1679 5085 ἢ
1773 4952 1918 5042 Gemma
