4852 6062
1215 457 1519 492 Μ

514 479 561 535 IV

610 660 755 740 Gemma
791 661 962 757 denique
988 655 1120 737 stricte
1143 657 1195 734 lic
1217 658 1336 746 dicta,
1370 681 1535 755 germen
1559 660 1616 736 est
1640 682 1697 735 ex
1726 662 1858 735 carina
1887 663 2063 737 subulata
2093 674 2213 759 atque

512 790 730 868 manifestis
747 789 896 863 foliolis
916 788 1121 862 herbaceis
1137 788 1419 885 compositum,
1445 788 1553 882 quod
1572 811 1726 862 ramum
1750 790 1788 860 in
1812 790 2046 887 compendio
2067 791 2212 878 refert,

509 939 785 1011 necunquam
810 915 859 990 de
882 926 1010 990 matre
1036 915 1103 988 lua
1121 916 1260 1012 sponte
1285 913 1438 988 secedit
1489 912 1616 991 Oculus
1636 913 1799 1005 dicitur,
1824 915 1982 1008 quando
2010 918 2079 990 vel
2107 920 2212 993 solos

509 1044 654 1128 flores,
680 1044 749 1119 vel
767 1040 893 1116 flores
910 1053 1030 1137 atque
1047 1038 1140 1114 folia
1159 1039 1272 1114 fimul
1289 1039 1441 1122 fundit3
1472 1038 1699 1137 fimpliciter
1716 1050 1851 1114 autem
1872 1038 2016 1117 Gemma
2039 1043 2211 1141 appella-

509 1177 598 1262 tur,
625 1190 718 1265 quae
735 1174 776 1240 in
801 1191 913 1243 mera
929 1168 1022 1247 solia
1038 1168 1216 1243 solvitur.
1264 1165 1485 1242 Veteribus
1502 1163 1585 1261 (1),
1618 1166 1790 1240 medulla
1798 1160 1919 1262 juxta
1932 1169 2059 1243 nodos
2077 1193 2211 1244 erum·

508 1315 629 1397 pens,
663 1289 834 1368 Gemma
857 1294 1094 1379 vocabatur,
1133 1314 1225 1367 cum
1253 1291 1303 1363 ibi
1323 1291 1507 1387 cespitem
1533 1290 1641 1369 facit,
1677 1304 1769 1369 ante
1797 1285 1899 1370 ver'o
1930 1317 2049 1390 quam
2074 1295 2210 1380 faciat,

509 1426 551 1496 in
569 1443 749 1499 concavo
770 1419 944 1507 OculuS,
968 1418 1008 1494 δι
1028 1421 1068 1494 in
1088 1419 1290 1495 cacumine
1311 1414 1391 1519 ipso
1416 1416 1607 1493 Germen.

605 1672 677 1747 Ex
705 1675 892 1749 omnibus
911 1673 1023 1748 hisce
1048 1674 1273 1766 germinum
1292 1672 1515 1771 speciebus,
1556 1667 1634 1745 sola
1662 1671 1802 1745 ultima
1834 1696 1911 1772 pro
1932 1696 2032 1749 vera
2053 1694 2211 1766 gemma

502 1798 636 1892 'vulgo
656 1799 794 1873 haberi
814 1799 929 1885 solet,
954 1799 994 1873 &
1010 1800 1088 1897 ipse
1108 1821 1269 1893 quoque
1284 1798 1495 1873 Lruursus
1518 1796 1589 1894 (2)
1611 1821 1692 1872 non
1717 1778 1830 1872 aliam
1848 1801 2060 1894 genuinam
2079 1798 2211 1873 statuit

508 1944 728 2016 gemmam„
756 1925 826 1997 nifi
850 1948 942 2019 quae
961 1950 1016 1998 ex
1039 1924 1271 2021 squamulis,
1296 1925 1441 2001 foliolis
1469 1937 1587 2019 atque
1616 1925 1856 1998 secundariis
1883 1925 2115 2018 gemmulis,
2142 1923 2210 2000 vel

508 2051 548 2121 in
572 2050 692 2147 ipsam
712 2053 892 2142 quintam
915 2073 1045 2145 usque
1068 2053 1323 2150 progeniem,
1357 2054 1623 2125 consarcinata
1645 2050 1704 2130 fit.
1754 2048 1815 2125 At
1839 2050 2018 2147 peffime:
2043 2074 2136 2125 uam
2156 2055 2210 2124 ita

506 2177 672 2274 ponitur
693 2178 935 2274 particulare
961 2201 1037 2276 pro
1063 2178 1300 2269 universali,
1337 2179 1485 2274 species
1509 2200 1583 2275 pro
1601 2199 1771 2269 genere3
1809 2177 1848 2250 ὅ(
1873 2175 2084 2249 secuudum
2108 2178 2210 2251 hane

506 2298 726 2375 dodtrinarn
758 2303 827 2400 ipfi
858 2303 979 2377 Bulbi
1009 2304 1158 2377 solidie
1186 2326 1435 2397 gemmarum
1463 2305 1568 2377 tribu
1593 2303 1817 2379 eliminandi
1847 2282 2014 2375 forent(
2042 2291 2209 2379 Restius

507 2429 630 2520 igitur
663 2449 802 2501 veram
832 2450 1003 2520 gemmae
1029 2431 1236 2503 notionem
1274 2431 1311 2501 in
1343 2430 1530 2503 consensu
1565 2434 1743 2504 omnium
1777 2416 2022 2525 qualitatum*
2039 2432 2208 2524 gemmis

504 2556 760 2651 propriarum
780 2553 1033 2651 &speciatim
1052 2557 1088 2626 in
1109 2556 1299 2630 consimili
1321 2556 1500 2628 omnium
1519 2566 1634 2639 ortu,
1661 2555 1900 2628 formatione
1924 2566 2044 2648 atque
2067 2555 2207 2631 evolu-

505 2683 614 2752 tione
632 2662 766 2774 liiraeri
788 2680 1011 2765 censemus3
1042 2680 1231 2775 fiquidem
1255 2680 1403 2754 exinde
1432 2704 1643 2755 commuue
1667 2693 1847 2776 emergat
1873 2682 2096 2774 vinculum,
2127 2706 2206 2777 quo

504 2803 683 2881 &amice
706 2809 812 2879 inter
827 2805 866 2879 se
878 2805 1086 2880 cohaerent
1099 2827 1261 2892 omnes,
1287 2808 1325 2881 δι
1338 2807 1561 2883 tutillimea
1578 2810 1691 2884 veris
1709 2807 1970 2903 segregantur
1984 2808 2206 2884 seminibus

603 3042 750 3119 Ortum
772 3065 1019 3138 gemmarum
1041 3067 1167 3119 unum
1184 3047 1435 3140 eundemque
1454 3068 1596 3123 omnes
1612 3048 1847 3145 scriptores,
1874 3048 2040 3121 sednon
2064 3066 2206 3121 omnes

501 3170 545 3242 in
562 3190 646 3243 uno
664 3170 883 3263 eodemque
910 3171 1138 3268 plantarum
1157 3172 1314 3245 viscere
1339 3151 1669 3249 statueresolent
1719 3171 1799 3243 Alii
1820 3177 1927 3247 enim
1950 3196 2129 3267 gemmas
2150 3197 2205 3247 ex

501 3292 672 3370 medulla
703 3292 836 3370 stridte
863 3295 916 3369 fic
939 3295 1055 3380 didta,
1090 3296 1294 3381 derivant,
1337 3300 1397 3370 uti
1428 3310 1580 3396 praeter
1613 3305 1861 3375 recentiores
1889 3300 2081 3394 quosdam
2107 3298 2204 3396 (3.);

501 3420 686 3495 Pu1u1us
708 3418 811 3518 (4.),
837 3423 994 3516 quando
1011 3426 1082 3497 ait:
1108 3420 1274 3503 medulla,
1288 3425 1361 3525 siue
1384 3420 1448 3497 illu
1467 3422 1589 3500 vitulis
1609 3426 1726 3498 anima
1750 3429 1810 3525 est,
1836 3425 1967 3524 antefa
1990 3423 2101 3499 tendit
2134 3423 2204 3500 lon·

498 3545 690 3643 gitudiuem
715 3544 908 3644 impellens,
942 3547 1103 3646 quamdiu
1124 3546 1208 3623 nodi
1225 3550 1352 3645 peruia
1369 3561 1475 3646 putet
1498 3552 1637 3652 fistula,
1662 3576 1734 3625 rum
1753 3576 1834 3625 uero
1848 3548 2036 3648 repermffu
2057 3552 2204 3647 erumpit

492 3675 607 3768 juxta
630 3672 760 3754 nodos,
785 3672 849 3746 lroc
867 3687 1013 3749 vocatur
1035 3677 1071 3749 in
1098 3674 1181 3751 Vite
1193 3698 1358 3769 grmma;
1396 3674 1479 3748 Alii
1495 3700 1598 3751 vero
1616 3701 1705 3752 cum
1728 3677 1998 3750 Porrima
2020 3675 2084 3775 (t)
2103 3677 2203 3750 nihil

499 3800 710 3891 quicquam
730 3799 913 3874 medullae
930 3800 1130 3892 tribuunt,
1154 3801 1218 3875 sed
1239 3803 1368 3898 prima
1390 3823 1639 3895 gemmarum
1668 3803 1901 3877 incunabula
1923 3805 1962 3875 in
1983 3803 2065 3876 solo
2093 3804 2202 3895 ligno

498 3925 648 3999 tenello
665 3935 866 4018 quaerunt.
926 3925 1009 3999 Alii
1032 3935 1166 3999 autem
1194 3940 1283 4000 cum
1306 3928 1580 4002 Dunnnuuro
1604 3927 1679 4026 (6)
1708 3950 1844 4023 aequas
1872 3930 1912 4001 in
1935 3929 2202 4026 producendis

499 4052 668 4144 gemmis
680 4058 835 4149 partem
864 4051 904 4126 δι
918 4051 1120 4133 medullae,
1144 4050 1184 4122 dr
1201 4052 1327 4145 ligno,
1356 4054 1395 4127 ὃ(
1412 4054 1480 4152 ipsi
1493 4078 1653 4149 quoque
1667 4057 1803 4127 cortici
1817 4053 2026 4149 affignant:
2053 4056 2201 4127 forma·

497 4179 648 4250 tionem
666 4198 915 4270 gemmarum
938 4175 1142 4251 manifeste
1164 4199 1254 4251 cum
1272 4180 1487 4253 earundem
1512 4191 1607 4253 ortu
1632 4179 1946 4266 confundentem
1970 4178 2201 4274 denique&

497 4290 645 4378 iterum
661 4303 745 4388 alii,
769 4328 931 4381 carnem
945 4327 1062 4399 quam
1080 4316 1228 4380 vocant
1245 4307 1525 4399 vegetabilem,
1558 4309 1719 4381 unicum
1736 4310 1867 4382 omnis
1883 4311 1979 4384 vitae
1996 4310 2034 4382 in
2050 4305 2198 4405 plantis

2113 4431 2198 4511 fon·

583 4589 741 4669 1.)Pu1u.
763 4588 828 4651 hist.
851 4603 915 4652 nat.
935 4594 968 4652 L.
991 4568 1084 4653 XViL
1105 4588 1173 4652 seu.
1193 4608 1235 4666 35.
1406 4596 1452 4675 4.)
1475 4592 1549 4656 liiii.
1574 4604 1633 4653 nac
1657 4589 1676 4655 l
1699 4616 1727 4655 c.

581 4781 620 4847 2.)
642 4774 714 4844 syn„
737 4787 833 4852 reget.
861 4772 933 4836 edit.
957 4795 998 4850 ¹4
1023 4796 1052 4859 p.
1073 4792 1104 4853 τ.
1405 4777 1447 4856 5.)
1470 4772 1617 4840 Dissertat.
1639 4799 1668 4862 p.
1691 4798 1738 4852 30.
1760 4795 1800 4857 3¹.-

578 4960 621 5041 3.)
644 4963 751 5020 Lruu.
774 4978 893 5020 amorra
914 4956 996 5019 arad„
1019 4977 1045 5018 a
1067 4977 1095 5040 p.
1120 4974 1177 5032 ¹91·
1409 4963 1456 5041 6.)
1479 4961 1675 5041 Naturgesch.
1701 4961 1756 5023 der
1779 4965 1896 5024 B'a'umt.
1919 4966 1942 5023 1.
1965 4982 1993 5044 p.
2016 4976 2081 5024 120.
