4852 6062
879 531 1194 591 'm
1833 554 1897 619 gv

192 765 316 842 quum
348 710 416 821 'rin
431 745 472 818 ln
494 741 589 843 iplls
615 740 693 819 illis
717 738 1277 839 minutiliimis'Agarioorum
1294 739 1474 835 granulis
1491 738 1540 821 ab.
1554 740 1694 829 eodem.
1713 738 1891 833 ulnae.

194 871 641 965 n1o(r.)germinationi
660 869 834 953 traditis,
860 866 1034 944 distintle
1058 891 1225 944 cernere
1250 867 1383 952 liceat,
1409 866 1518 961 quod
1539 888 1674 955 novus
1697 868 1893 971 stipesex

193 1001 378 1093 elongato
394 997 554 1093 granuli
569 999 716 1071 cortice
741 999 909 1095 proprio
927 1000 1099 1081 oriatur,
1124 1018 1254 1089 eoquo
1273 996 1326 1071 ita
1342 992 1534 1073 vestiatur
1551 1003 1683 1088 totus,
1708 1008 1754 1083 ut
1773 1004 1892 1091 etium

191 1126 283 1225 ipiis
305 1122 396 1223 ejus
415 1125 527 1201 villis
554 1119 760 1198 contectus
778 1122 846 1199 fit:
873 1121 911 1196 id
929 1122 1036 1216 quod
1058 1123 1148 1197 iane
1172 1143 1421 1216 nequaquam
1443 1121 1532 1201 fleri
1555 1120 1762 1219 potuiliet,
1784 1125 1814 1212 fi
1836 1153 1893 1213 ox

188 1264 309 1351 nupta
326 1249 531 1352 prodiisset
549 1248 656 1325 testa.
707 1248 788 1325 His
803 1251 924 1345 igitur
945 1254 998 1325 ita
1018 1251 1056 1325 se
1071 1249 1323 1331 habentibus,
1349 1244 1446 1328 nulli
1460 1246 1705 1334 dubitamus,
1729 1274 1892 1341 omnem

187 1376 347 1474 Fungis
362 1381 502 1454 foxum
526 1377 566 1453 dr
581 1399 682 1453 vera
702 1377 901 1472 denegare
921 1375 1088 1460 semina3
1111 1375 1237 1453 donec
1260 1373 1420 1469 quidem
1440 1375 1704 1468 granulorum
1728 1377 1892 1461 illorum

187 1502 261 1578 alia
290 1505 485 1580 doceamr
514 1505 630 1598 origo
658 1513 779 1598 atque
805 1504 1004 1589 evolutio,
1048 1512 1118 1578 aut
1144 1502 1270 1578 donec
1295 1522 1422 1581 ovum
1447 1500 1693 1602 producamur
1725 1526 1892 1591 ver-um,
1951 1504 1957 1511 ’

186 1632 297 1724 quod
318 1654 429 1709 nova
449 1632 518 1713 nm
545 1630 629 1731 ipso
653 1630 838 1709 incubntu
862 1632 1015 1729 ceperit
1037 1631 1296 1706 incrementa

282 1871 451 1952 Licienes
470 1873 606 1969 fungis
624 1875 819 1972 proximi,
845 1871 1011 1974 perinde
1026 1885 1074 1951 ut
1093 1873 1165 1960 illi,
1196 1876 1309 1953 veris
1326 1891 1488 1970 quoque
1505 1872 1721 1959 semitribus
1740 1888 1891 1958 carent

183 1996 352 2075 Semina
365 2002 472 2075 enim
486 2023 577 2095 quae
585 1999 881 2095 Mrcnnmus(
904 2002 1003 2091 .)eis
1015 2003 1170 2087 tribuit,
1194 1999 1292 2076 nihil
1309 2000 1414 2076 aliud
1429 2000 1537 2085 ibnt,
1563 2024 1682 2096 quam
1697 2002 1890 2102 pulveru-

181 2123 329 2212 lentae,
353 2127 611 2202 scobiformes
623 2123 956 2205 autbrasteolatae
968 2132 1229 2229 propagines,
1255 2149 1346 2223 quae
1363 2150 1418 2205 ex
1440 2128 1517 2225 ipsa
1535 2127 1758 2213 adultarum
1775 2133 1892 2230 plan*

181 2260 322 2327 tarum
340 2253 550 2352 superficie
567 2254 785 2353 pullulant,
811 2253 851 2333 δι
863 2257 1012 2352 absque
1035 2258 1118 2331 ulla
1138 2253 1449 2352 metamorphos
1468 2257 1510 2331 in
1528 2255 1675 2354 stirpes
1692 2258 1892 2343 matribus

181 2378 259 2456 iuis
274 2378 497 2456 simillimas
517 2390 778 2467 excrescunt,
806 2390 853 2456 ut
871 2382 1109 2478 quandoque
1135 2385 1272 2467 etiam,
1299 2381 1393 2457 duru
1413 2379 1542 2460 adhue
1566 2383 1608 2465 iu
1625 2380 1689 2468 illa
1710 2383 1891 2472 haerent,

175 2500 257 2600 jam
270 2501 360 2602 jam
381 2504 614 2583 diminutam
637 2507 840 2584 frondium
855 2509 1011 2585 suarum
1026 2510 1194 2584 sormam
1209 2508 1268 2602 (3)
1284 2530 1338 2583 ex
1352 2504 1429 2585 affe
1443 2508 1749 2606 repraesentent,
1796 2508 1889 2593 Alia

180 2655 291 2709 vero
306 2631 449 2707 harum
462 2634 689 2731 plantarum
701 2636 865 2720 semina,
886 2635 975 2734 post
987 2634 1268 2712 Annusouun
1284 2634 1362 2729 (4),
1380 2632 1724 2728 Huuwrows(5·)
1737 2634 1892 2717 statuit:

179 2779 333 2857 nempe
358 2761 525 2854 granula
545 2761 724 2854 quaedam
745 2764 997 2857 nigricantia,
1031 2763 1287 2839 scutellorum
1310 2758 1532 2837 substantioe
1555 2759 1754 2845 immersa,
1780 2762 1821 2841 tr
1841 2764 1891 2846 ab
1927 2772 1937 2802 “

179 2907 226 2960 ea
239 2884 407 2959 tandem
422 2885 562 2983 sponte
574 2888 800 2964 secedentia.
850 2883 929 2963 Sed
945 2911 1028 2963 non
1045 2888 1231 2963 omnibus
1242 2885 1487 2960 Lichenibus
1500 2883 1589 2958 data
1606 2884 1696 2959 sunt
1708 2885 1891 2975 scutella,

178 3008 314 3085 multo
334 3012 467 3085 minos
491 3022 625 3088 autem
650 3017 914 3112 reperiuntur
941 3016 979 3088 in
1002 3015 1189 3090 omnibus
1212 3010 1387 3087 scutellis
1410 2999 1607 3107 ejusmodi
1629 3012 1818 3104 granular
1849 3013 1891 3088 dr

179 3138 289 3213 iniis
313 3159 496 3237 quoque,
520 3140 587 3214 ubi
612 3149 848 3226 occurrunt,
873 3145 981 3215 omni
995 3128 1184 3240 apparatu
1203 3140 1411 3233 organico,
1434 3142 1501 3211 nul
1517 3132 1586 3211 vel
1600 3134 1794 3230 mascula,
1818 3139 1889 3217 vei

178 3264 374 3339 foeminea
389 3265 510 3338 tribui
537 3263 692 3365 poll'cirt
714 3266 860 3350 officia,
892 3266 1010 3364 plane
1032 3242 1215 3341 destituta
1242 3275 1362 3360 atque
1383 3265 1460 3340 sola
1487 3264 1743 3338 scabellorum
1767 3287 1891 3340 carne

180 3387 312 3464 cineta
336 3390 444 3475 lunt,
483 3390 590 3465 unde
614 3392 720 3466 suam
752 3414 914 3487 quoque
947 3401 1166 3466 traxerunt
1197 3394 1408 3485 originem.
1469 3387 1576 3466 Satis
1608 3391 1736 3483 igitur
1752 3391 1890 3468 vertis

179 3521 277 3594 mile
299 3514 373 3602 est,
408 3517 514 3613 quod
545 3517 650 3593 haud
672 3521 797 3613 magis
827 3540 928 3595 vera
954 3512 1119 3602 semina,
1152 3539 1271 3612 quam
1299 3515 1458 3612 quidem
1495 3538 1594 3592 vern
1627 3515 1708 3591 lint
1737 3538 1889 3611 organo

177 3645 388 3729 mascula,
412 3667 488 3744 pro
517 3646 662 3739 quibus
684 3642 777 3718 olim
797 3641 1161 3742 Mrcnu1.1us(6.)
1181 3644 1269 3717 haeo
1292 3642 1368 3741 ipsa
1390 3641 1558 3737 penula
1579 3644 1826 3726 venditavitr
1849 3642 1890 3717 dr

178 3772 367 3865 analogia
387 3767 557 3855 didtitat,
577 3781 624 3845 ut
645 3773 782 3869 potius
801 3771 850 3846 ad
869 3769 1067 3868 srmplices
1091 3768 1322 3844 referantur
1346 3787 1544 3861 gemmas,
1567 3767 1697 3844 donec
1715 3771 1889 3843 certiora

179 3901 227 3977 de
244 3901 318 3982 iis,
342 3921 397 3971 ex
418 3898 651 3972 evolutione
669 3897 754 3982 stra,
779 3900 1090 3996 comperientur.
1141 3891 1239 3971 Sive
1255 3903 1390 3969 autem
1412 3892 1579 3979 semina,
1609 3891 1698 3971 live·
1717 3915 1890 3989 gemmae
1984 3873 1991 3884 ’

179 4026 390 4133 deantur,
409 4046 660 4127 nequaquam
685 4023 775 4098 sunt
796 4024 1019 4099 universale
1037 4020 1260 4097 Licbenunr
1275 4019 1574 4119 propagationis
1594 4040 1798 4115 organon,
1822 4020 1889 4097 sed

180 4176 263 4251 pro
287 4150 517 4226 secundario
546 4148 679 4227 saltem
692 4160 895 4250 poterunt
922 4149 1077 4234 haberi,
1116 4170 1241 4244 quum
1277 4147 1512 4245 primarium
1545 4156 1669 4242 atque
1701 4147 1893 4221 omnibus.

182 4298 425 4363 commune,
449 4277 541 4375 ipsae
571 4274 647 4350 illae
666 4274 915 4374 Propagines
943 4276 1037 4361 lint,
1070 4298 1182 4371 quar,
1212 4273 1405 4373 utsupra
1431 4268 1600 4358 distum,
1631 4296 1686 4347 ex
1708 4275 1891 4348 omnium

181 4403 416 4504 superficie,
442 4401 711 4503 copiofiifimae
729 4401 924 4502 pullulare
947 4403 1087 4480 solent.

1745 4495 1889 4575 Coral·
1936 4516 1945 4533 '

229 4660 278 4741 ι.)
300 4653 321 4715 l.
344 4676 368 4717 r.
391 4669 412 4718 t
435 4672 482 4735 73.
503 4669 564 4718 m·
585 4673 617 4735 q.
645 4669 673 4727 fl.
698 4669 719 4719 t.
740 4671 794 4735 ¹14.
814 4654 838 4720 l'.
859 4662 887 4720 6.
911 4670 971 4723 nto
992 4674 1022 4733 ς.
1096 4657 1144 4738 4.)
1166 4658 1247 4718 Fam.
1270 4646 1363 4737 plant
1386 4669 1413 4713 a.
1436 4670 1467 4745 p.
1487 4654 1518 4713 6,
1540 4665 1574 4741 7.

284 4749 315 4809 δ’
335 4759 370 4821 ⁷⁹
1093 4799 1143 4879 ὅ.)
1166 4798 1337 4863 comment.
1359 4788 1427 4875 lips.
1449 4788 1518 4854 Vol.
1541 4793 1676 4863 XXVIII.

1097 4939 1134 5019 6)
1157 4941 1232 5000 Gen.
1246 4956 1317 4998 nov.
1339 4922 1427 5008 aad.
1445 4931 1472 4997 s,
1493 4937 1525 5000 F.
1553 4937 1626 4997 (it.
1647 4950 1691 5009 52.
1709 4930 1778 4999 is.
1792 4939 1826 4998 G.
1841 4936 1889 4997 M.

231 5025 685 5111 s)ll1cs.t4nf.0,.ll.
1153 5020 1359 5091 uruit
1400 5042 1404 5049 ·

230 4887 276 4968 a.)
298 4892 377 4952 Gen.
388 4907 461 4949 nov.
472 4900 495 4951 t.
510 4902 559 4965 74.
595 4883 986 4977 L1nn.gen.plantraos.
