4852 6062
887 514 1194 585 Β
1797 508 1893 568 m
1940 468 1944 473 ⁵

196 753 340 810 omnes
365 733 483 808 illaea
503 729 553 806 M
560 749 709 808 susm
728 729 821 804 satae
838 723 1021 812 stellulae,
1045 724 1220 825 illapsae
1240 721 1407 824 capsulis
1426 745 1527 804 veto
1548 725 1713 810 semine,
1736 730 1786 800 ut
1799 722 1891 800 vult

197 860 520 936 Hauwrnrus
546 856 611 955 (1)
638 853 1053 937 suerintadlrlteratae3
1095 852 1134 929 ὅ(
1151 853 1275 928 multo
1291 853 1417 927 adhuc
1439 855 1589 938 minus,
1622 849 1728 948 quod
1757 846 1889 928 Har„-

196 1009 291 1060 aee
305 1006 389 1076 us,
422 984 619 1080 plantulas
637 1006 660 1056 e
678 981 815 1056 solutis
835 980 874 1054 tr
897 976 1064 1053 fortuitu
1086 977 1225 1077 sparsrs
1249 976 1353 1052 Mnii
1375 981 1586 1055 seminibus
1608 989 1763 1059 erratas,
1799 995 1890 1050 curu

194 1112 294 1186 fixis
313 1108 353 1185 δι
380 1112 484 1182 intra
508 1108 663 1183 rotulas
673 1108 1001 1201 germinantibus
1016 1106 1302 1204 propaginibus
1321 1108 1501 1204 potuerit
1519 1107 1782 1191 confundere:
1803 1115 1891 1210 'qut
1943 1176 1946 1183 .

194 1232 381 1334 exprell'e
401 1233 503 1307 dicat
527 1231 640 1330 (a),
666 1234 704 1309 se
727 1232 888 1307 novella
909 1255 961 1305 ex
983 1231 1222 1329 pulvisculis
1242 1229 1377 1304 foliola
1394 1253 1526 1306 coram
1559 1235 1711 1321 videre¹
1763 1240 1808 1321 Si
1825 1273 1892 1327 au.

192 1374 277 1437 tem
299 1361 641 1436 observationibus
670 1359 749 1434 illis
773 1346 855 1433 non
880 1356 1109 1450 deneganda
1130 1354 1248 1441 fides,
1288 1354 1316 1428 li
1340 1355 1380 1431 &
1401 1369 1598 1455 practerea
1622 1360 1892 1454 folliculorum

194 1486 362 1563 istorum
380 1484 602 1561 luculenter
624 1508 646 1558 a
665 1486 776 1561 veris
791 1484 971 1558 antlreris
987 1482 1260 1580 discrepantes
1278 1481 1370 1556 sunt
1383 1484 1612 1576 qualitates:
1651 1495 1745 1584 quid
1756 1504 1892 1593 quaeso

194 1613 344 1686 rationi
366 1613 493 1704 nugis
516 1612 839 1701 consentaneum,
860 1631 981 1704 quarn
1001 1618 1065 1692 ut,
1088 1618 1300 1706 praeunte
1325 1603 1660 1692 Scauruucro
1684 1610 1789 1716 (3),
1820 1629 1893 1705 du.

195 1739 295 1838 plex
320 1738 360 1808 in
387 1733 546 1812 Muscis
568 1736 761 1811 statuatur
781 1739 1082 1835 propagationis
1105 1752 1304 1828 organon,
1349 1737 1497 1833 plantis
1526 1739 1636 1827 istis,
1673 1747 1711 1820 ln
1729 1770 1893 1830 oeoono.

196 1862 275 1957 mia
294 1859 465 1936 Naturae
485 1863 584 1937 adeo
603 1862 765 1937 utilibus
781 1872 900 1956 atque
920 1859 1142 1937 necessariis
1159 1860 1400 1946 concessum,
1424 1880 1505 1958 quo
1528 1865 1569 1941 dc
1583 1866 1732 1965 largior
1752 1875 1793 1953 δι
1808 1901 1895 1956 cer.

196 1991 279 2065 tior
301 1987 399 2063 esset
416 2006 555 2063 aarum
580 1989 828 2087 proventus,
852 2006 969 2096 quam
987 1986 1149 2081 quidem
1175 2004 1251 2085 per
1270 1985 1352 2061 sola
1369 1987 1436 2062 sua
1457 1993 1651 2069 minutula
1667 1997 1708 2072 δι
1730 2010 1799 2077 tot·
1812 2003 1895 2083 lini.

198 2115 292 2192 stris
323 2113 474 2189 casrbus
501 2111 668 2211 subjetta
682 2114 874 2190 seminula
889 2114 980 2189 fieri
993 2107 1208 2215 potulll'etl
1249 2112 1287 2186 dc
1312 2110 1623 2209 consequenter,
1654 2126 1747 2218 quid
1771 2138 1900 2230 magis

199 2244 398 2337 analogiae
427 2261 587 2334 quoque
612 2238 768 2334 legibus
789 2239 1024 2324 conforme,
1062 2261 1180 2334 quam
1205 2248 1251 2312 ut
1272 2260 1413 2315 omnes
1437 2242 1492 2316 illi
1516 2242 1697 2334 folliculi,
1724 2250 1899 2352 ‘aliaque

201 2367 295 2468 ipsis
321 2367 458 2442 srmilia
477 2367 734 2465 corpuscula,
761 2364 808 2439 ad
827 2363 1012 2462 simplicis
1035 2366 1307 2459 vegetationis
1330 2365 1558 2441 reserantur
1577 2395 1745 2471 organa,
1769 2380 1899 2460 donec

200 2493 361 2589 quidem
382 2492 625 2566 contrarium
641 2490 760 2568 novis
774 2493 983 2567 evincatur
998 2488 1248 2567 documentis
1266 2500 1385 2587 atque
1416 2492 1589 2570 mascula
1611 2520 1749 2577 eorum
1770 2506 1899 2603 digni.

202 2628 283 2705 tas,
310 2625 430 2694 extra
448 2640 569 2693 omne
591 2625 766 2718 ponatur
780 2611 976 2691 dubium?

301 2828 463 2926 Agmen
483 2829 652 2926 denique
672 2830 827 2908 claudat
844 2826 1096 2931 Lycopodium,
1128 2830 1233 2926 quod
1252 2832 1354 2930 saepe
1375 2836 1412 2907 iu
1436 2836 1570 2912 eadem
1593 2834 1711 2938 stirpe
1736 2842 1903 2945 duplicis

203 2955 351 3032 formae
367 2958 529 3041 semina,
555 2956 594 3032 ὅ(
613 2969 765 3057 praeter
780 2956 884 3050 haec,
915 2957 1100 3031 soliaceas
1121 2979 1281 3053 quoque
1300 2980 1494 3051 gemmas,
1529 2962 1738 3043 seminibus
1756 2990 1903 3073 perpe.

203 3106 292 3157 ram
313 3093 615 3168 annumeratas,
642 3083 835 3181 producit.
884 3081 988 3158 Cum
1012 3104 1182 3178 gemmae
1202 3084 1281 3156 illae
1296 3108 1351 3158 ex
1372 3082 1586 3163 manifestis
1609 3110 1904 3190 componantur

205 3207 374 3291 foliolis,
422 3206 461 3281 ἃ
485 3209 729 3304 reliquarum
753 3230 914 3304 quoque
935 3208 1242 3306 compositarum
1272 3232 1520 3304 gemmarum
1553 3236 1684 3300 more,
1723 3235 1905 3319 apertee

205 3331 396 3407 soliorum
419 3335 552 3408 axillis
574 3336 828 3441 enascanturf
871 3333 965 3407 nihil
985 3355 1053 3408 eas
1075 3337 1337 3420 morabimur,
1380 3338 1445 3415 sed
1469 3340 1507 3413 id
1527 3350 1681 3418 tantum
1703 3345 1905 3425 adnotabi-

207 3482 323 3553 mus,
361 3459 469 3554 quod
485 3456 694 3535 ervunr
723 3458 800 3558 (4.)
828 3462 867 3532 in
890 3460 1106 3534 earundem
1126 3460 1298 3554 diagnosr
1321 3455 1702 3543 &denominatione
1725 3477 1905 3551 commis·

207 3584 273 3660 sus
292 3608 431 3678 error,
457 3583 555 3660 adeo
575 3584 623 3661 sit
653 3584 874 3686 palpabilis,
899 3587 999 3660 utin
1017 3587 1093 3662 hoc
1113 3587 1195 3662 solo
1216 3588 1419 3682 sequacem
1439 3592 1622 3673 habuerit
1646 3600 1858 3674 nerninem.
1895 3588 1898 3597 ⁴

307 3800 412 3876 Haec
434 3799 625 3879 sufficiant
645 3802 693 3878 de
715 3804 885 3897 grinmis
908 3800 1209 3898 srnrplicioribus
1234 3812 1348 3876 caute
1368 3826 1391 3877 a
1413 3805 1524 3880 veris
1547 3804 1728 3904 partibus
1750 3807 1909 3886 frustill-

208 3930 378 4002 cationis
402 3925 675 4002 discernendis
695 3930 854 4003 monita.
894 3922 957 4000 De
978 3925 1203 4021 compositis
1228 3939 1360 4002 autern
1383 3931 1552 4024 gemmis
1566 3931 1652 4006 heic
1675 3931 1805 4027 dicere
1827 3958 1910 4010 non

209 4074 315 4153 opus
337 4051 414 4127 est:
438 4051 753 4147 quandoquidem
772 4062 854 4127 tota
871 4052 937 4126 sua
952 4051 1096 4125 fabrica
1115 4063 1235 4147 atque
1253 4053 1369 4138 sacie,
1409 4058 1463 4128 ita
1484 4078 1507 4128 a
1527 4058 1639 4131 veris
1659 4057 1910 4141 fructibus&

209 4181 424 4257 seminibus
446 4176 651 4263 differant,
678 4189 722 4267 ut
743 4180 809 4254 vel
826 4181 953 4275 prima
975 4177 1109 4252 fronte
1137 4179 1291 4275 agnosci
1311 4180 1351 4255 δι
1370 4181 1418 4253 ab
1436 4180 1499 4255 his
1520 4181 1833 4281 omnitempore
1854 4187 1911 4263 fa·¹

210 4307 356 4383 cillime
376 4302 540 4378 discerni
558 4316 717 4399 queant
767 4303 897 4379 lVliliis
924 4306 1045 4399 igitur
1067 4326 1174 4378 nturc
1197 4308 1386 4398 gemmis,
1421 4305 1467 4380 ad
1488 4306 1659 4383 alterum
1680 4312 1912 4406 progredie-

210 4455 304 4508 mur
327 4431 628 4530 propagationis
650 4453 848 4527 organon,
883 4430 989 4525 quod
1005 4431 1174 4506 sormam
1198 4431 1304 4507 suam
1329 4453 1409 4506 non
1433 4431 1524 4506 solis
1541 4437 1826 4528 vegetationis,
1847 4438 1914 4514 sed

211 4558 330 4635 fiurul
345 4579 507 4652 quoque
522 4555 830 4635 soecundationis
852 4559 1008 4635 viribus
1029 4558 1165 4644 debet,
1200 4558 1241 4634 dr
1255 4559 1361 4654 quod
1378 4560 1447 4636 sua
1458 4582 1512 4638 ex
1529 4584 1609 4636 ovo
1628 4560 1752 4636 trahit
1769 4566 1892 4641 initia.

256 4788 303 4866 r.)
327 4786 453 4845 Heuw.
473 4777 493 4842 l.
508 4798 533 4845 c.
553 4784 589 4845 11.
608 4802 639 4865 p.
654 4798 696 4856 52·
1124 4788 1173 4869 3.)
1196 4779 1423 4869 annulum,
1716 4685 1914 4769 CAPVT.

257 4925 310 5006 2.)
333 4923 408 4986 iliis.
424 4921 517 5011 plant.
533 4943 557 4997 3.
571 4940 601 5009 p.
614 4928 661 4998 56.
674 4920 764 4986 eoos.
779 4925 869 4991 etiem
878 4927 1052 4989 Aunvron
1124 4928 1177 5010 4.)
1199 4931 1315 4988 Amen.
1333 4923 1415 4989 acad.
1435 4943 1461 4988 2.
1496 4947 1527 5011 p,
1548 4937 1612 5003 ιιιμ

327 5034 399 5101 fam.
421 5058 448 5102 2.
463 5059 494 5123 p.
513 5051 579 5116 489.
1051 5124 1078 5201 d
