4878 6064
948 521 1253 573 ΞΕ
1856 513 1946 568 cvu

239 721 443 798 ficiunt&
467 722 633 819 spatium
664 721 836 796 liberum
875 744 952 821 pro
974 722 1154 805 flosculis
1178 723 1358 820 pluribus
1385 722 1585 798 sterilibus
1611 722 1862 821 relinquunt:
1902 728 1943 798 in

241 850 391 926 Evaoe.
416 853 477 925 20.
499 871 590 923 cum
607 850 743 924 radius
763 851 897 924 saltem
916 849 1040 945 paleis
1061 847 1284 933 contectus,
1324 850 1448 923 discus
1474 872 1576 925 vero
1601 853 1680 925 late
1703 850 1836 926 nudus
1866 848 1941 926 est:

242 981 285 1051 in
312 974 505 1050 Anaxeto
536 980 590 1065 3⁰.
621 999 710 1050 cum
730 978 770 1049 in
792 976 1005 1075 peculiaria
1029 975 1266 1051 involucella
1293 978 1395 1049 circa
1420 997 1545 1047 unum
1576 987 1646 1049 aut
1664 978 1782 1075 plura
1803 978 1943 1052 ovaria

242 1104 533 1201 disponuntur,
587 1112 706 1196 atque
740 1104 793 1175 ita
826 1101 1118 1198 receptaculum
1150 1124 1362 1177 commune
1397 1105 1436 1173 in
1464 1103 1580 1200 plura
1606 1099 1835 1202 Receptacula
1854 1125 1943 1199 par·

242 1226 347 1304 liclia
370 1228 620 1325 dispescitur:
647 1230 687 1300 in
712 1226 950 1327 Echinopo,
982 1228 1287 1327 Elephantopo‚
1322 1226 1511 1318 Oederia,
1551 1225 1714 1323 Stoebe,
1743 1226 1944 1322 Filagine,

242 1355 283 1428 δι
302 1354 471 1448 denique
490 1359 552 1443 4⁰.
566 1353 723 1446 quando
740 1354 857 1453 ipsam
878 1357 1118 1453 receptaculi
1136 1357 1356 1429 communis
1370 1354 1616 1430 substantiam
1637 1353 1715 1430 alte
1731 1362 1944 1453 penetrant

243 1480 284 1555 ὅ(
300 1484 341 1555 in
358 1482 496 1556 varios
512 1480 628 1556 lobos
645 1481 845 1557 dividunt:
870 1486 971 1558 utin
993 1480 1199 1560 Gundelia.

343 1689 493 1767 Similis
514 1692 753 1768 modificatio
768 1695 1006 1790 receptaculi
1021 1695 1262 1778 communis,
1289 1696 1329 1767 in
1349 1693 1437 1767 aliis
1457 1714 1618 1787 quoque
1641 1691 1788 1790 plantis
1809 1690 1942 1765 locum

242 1818 380 1893 habet:
408 1827 455 1891 ut
476 1820 517 1890 in
532 1818 750 1916 Dipsaceis,
776 1821 817 1892 in
840 1818 1044 1915 Eryngio‚
1069 1819 1252 1903 Platano,
1285 1818 1579 1917 Cephalantho,
1606 1818 1779 1903 Brunia,
1813 1814 1944 1912 Sagit-

242 1943 393 2019 caria&
408 1946 495 2019 aliis
505 1945 663 2036 multis,
687 1954 806 2037 atque
819 1946 1084 2041 paucasaltem
1094 1946 1257 2029 dantur,
1281 1944 1607 2040 quorumfabrica
1620 1968 1701 2018 non
1717 1945 1763 2019 ad
1773 1945 1945 2039 aliquam

244 2093 302 2145 ex
314 2067 505 2145 hactenus
519 2068 630 2145 distis
642 2071 784 2144 referri
794 2069 921 2167 poilit.
936 2070 995 2146 Ita
1008 2050 1152 2171 nempe
1162 2073 1354 2169 discrepat
1365 2069 1944 2169 receptaculumLiquidamba-

242 2199 322 2280 ris,
349 2196 454 2293 quod
466 2196 523 2271 est
539 2194 680 2290 globus
696 2197 886 2290 fungosus
900 2196 938 2271 &
950 2198 1148 2295 profunde
1169 2195 1410 2290 alveolatuS,
1438 2200 1478 2269 in
1493 2192 1605 2291 cujus
1624 2196 1774 2290 singula
1785 2197 1944 2279 cellula,

243 2325 403 2418 gemina
418 2322 724 2420 capsulahaeret3
751 2324 790 2395 in
805 2320 1065 2420 Opercularia
1075 2334 1220 2408 autem,
1246 2320 1539 2427 receptaculum
1554 2323 1709 2398 inverse
1718 2321 1944 2420 pyramida-

242 2460 351 2535 tum,
379 2449 553 2524 inaudito
576 2452 785 2549 exemplo,
811 2452 916 2524 inter
930 2448 1054 2523 flores
1081 2459 1200 2554 atque
1219 2452 1380 2533 ovaria,
1411 2448 1540 2521 medio
1563 2448 1651 2523 loco
1672 2446 1842 2546 pofitum
1863 2445 1944 2532 est3

243 2574 284 2649 δι
298 2577 352 2650 ita
367 2579 485 2651 etiam
509 2599 532 2648 a
554 2576 739 2650 consueta
753 2576 883 2651 forma
900 2576 1050 2651 recedit
1066 2574 1360 2673 receptaculum
1373 2574 1562 2648 filisorme
1576 2574 1615 2648 δι
1631 2574 1812 2658 bifidum,
1835 2571 1944 2668 quod

244 2702 351 2774 inter
372 2704 551 2795 geminas
572 2703 746 2800 capsulas
770 2703 967 2795 Knoxiae,
992 2701 1182 2779 Naucleae
1202 2700 1241 2775 ὅ(
1264 2698 1432 2785 Aceris,
1464 2722 1539 2775 nec
1564 2722 1646 2774 non
1675 2702 1780 2774 inter
1810 2699 1944 2772 omnia

243 2825 331 2900 sere
351 2826 698 2903 Umbelliferarum
713 2830 877 2913 semina,
901 2832 938 2902 in
963 2829 1044 2927 ipso
1059 2829 1204 2903 horum
1219 2824 1421 2901 fructuum
1436 2829 1503 2899 axi
1518 2827 1753 2901 collocatum
1769 2824 1835 2899 est.
1861 2822 1944 2897 Re·

194 2936 204 2951 *
242 2953 373 3047 liquas
390 2956 559 3029 minoris
576 2958 768 3029 momenti
791 2956 1087 3054 discrepantias,
1114 2957 1153 3028 in
1177 2951 1383 3028 nonnullis
1403 2948 1597 3028 fructibus
1616 2954 1855 3027 amentaceis
1875 2950 1944 3025 ob-

241 3078 352 3164 vias,
378 3082 521 3156 merito
543 3079 712 3160 silemus.
1579 3062 1584 3078 ’

342 3290 779 3394 Receptacuiumsemiais,
805 3317 887 3369 non
902 3295 1100 3372 diversum
1115 3294 1319 3378 censetur,
1346 3296 1386 3366 in
1407 3292 1619 3369 seminibus
1643 3292 1779 3377 nudis,
1805 3291 1852 3367 ab
1875 3289 1943 3365 illo

242 3417 399 3495 frustus
426 3419 563 3517 ipsius,
588 3424 649 3495 uti
671 3446 727 3496 ex
749 3420 940 3496 hactenus
969 3419 1081 3496 dictis
1105 3421 1245 3518 sponte
1276 3420 1521 3513 intelligitur.
1572 3414 1652 3495 Sed
1673 3416 1766 3493 testi
1786 3418 1944 3494 leminis

244 3547 569 3642 receptaculum,
599 3547 755 3645 semper
777 3550 880 3621 intra
898 3551 1162 3646 pericarpium
1178 3544 1324 3637 haeret,
1344 3544 1383 3618 ὃ(
1398 3543 1466 3619 vel
1486 3542 1600 3642 plura
1613 3545 1680 3619 fibi
1696 3545 1816 3619 affixa
1838 3545 1944 3637 gerit

240 3673 410 3747 semina:
429 3672 536 3746 unde
554 3672 698 3747 dicitur
720 3698 908 3759 commum
933 3672 1000 3751 vel
1021 3671 1183 3766 singulis
1201 3679 1356 3743 tantum
1371 3672 1559 3770 prospicit
1578 3673 1809 3747 seminibus:
1833 3668 1941 3744 unde

236 3798 423 3898 proprium
444 3796 676 3897 appellatur.
1535 3816 1542 3821 ·

341 4005 566 4085 Commune
588 4009 745 4083 seminis
761 4007 1074 4105 receptaculum,
1100 3984 1320 4103 generatim
1339 4009 1525 4102 quaelibet
1543 4010 1655 4104 regio
1669 4008 1940 4107 internaperi-

242 4137 367 4232 carpii
382 4136 525 4210 dicitur
544 4138 606 4209 cui
621 4157 704 4208 uno
722 4134 838 4232 plura
859 4133 1066 4209 adhaerent
1085 4136 1250 4211 semina:
1278 4138 1474 4233 speciatim
1499 4159 1627 4229 vero,
1662 4154 1809 4234 corpus
1840 4132 1898 4207 est
1918 4154 1941 4205 a
1979 4200 1981 4204 Α

241 4264 406 4359 propria
422 4258 576 4335 srudtus
593 4282 784 4357 compage
798 4257 1018 4335 distinctum
1032 4262 1071 4335 δι
1088 4266 1192 4337 intra
1202 4263 1466 4337 loculamenta
1480 4260 1732 4361 protensum,
1757 4259 1863 4353 quod
1875 4260 1942 4333 sud

241 4386 514 4471 consistentia,
540 4385 761 4483 superficie,
786 4409 899 4460 nexu
922 4396 1041 4481 atque
1062 4388 1154 4482 litu,
1180 4393 1293 4465 varie
1321 4386 1479 4470 differt,
1506 4397 1548 4461 et
1576 4383 1688 4482 cujus
1713 4390 1871 4469 notitia,
1900 4389 1941 4458 in

240 4510 444 4587 srudtuum
458 4510 740 4606 disquisitione,
764 4517 895 4607 magni
918 4514 1021 4610 saepe
1041 4518 1234 4589 momenti
1253 4514 1326 4599 est,
1352 4538 1474 4608 quum
1499 4515 1601 4587 bene
1623 4513 1737 4587 multi
1762 4509 1940 4596 frustuS,

241 4650 376 4714 cetera
401 4643 506 4713 inter
523 4638 562 4712 se
581 4636 784 4722 simillimi,
818 4640 977 4714 exsulo
1004 4640 1161 4716 seminis
1189 4643 1458 4739 receptaculo,
1487 4638 1668 4713 facillime
1693 4638 1742 4711 ab
1769 4639 1940 4712 invicem

240 4766 413 4842 discerni
433 4773 605 4858 queant:
630 4773 677 4837 ut
690 4762 927 4840 Melastoma
941 4768 989 4841 ab
1010 4764 1227 4852 Osbeckia,
1252 4766 1409 4868 Jussraea
1427 4784 1451 4842 a
1469 4766 1707 4864 Ludwigia,
1732 4762 1895 4861 Alpinia
1916 4785 1941 4836 a

241 4889 473 4984 Zingibere,
498 4900 540 4966 et
564 4893 617 4965 ita
638 4892 809 4989 plurima
827 4893 955 4968 adhuc
973 4894 1047 4968 alia
1066 4915 1225 4988 genera.

1070 5102 1096 5151 ο
1121 5094 1144 5149 2
1517 5074 1520 5079 ’
1718 5070 1941 5148 Confisten·
