4878 6064
909 499 1212 559 ........“““““““.“..“-.““.-.“
1797 499 1910 557 cxm

204 705 244 775 in
260 702 419 776 seminis
435 702 640 784 examine,
665 721 826 775 omnem
843 711 1022 777 meretur
1040 701 1319 784 attentionem,
1342 700 1435 793 quia
1452 700 1558 776 solus
1574 697 1763 799 punctum
1774 705 1905 787 fixum

201 830 376 928 praebet,
404 850 458 901 ex
475 848 556 920 quo
569 828 728 901 lerninis
744 828 974 925 superficies
991 837 1161 901 externa
1173 829 1213 899 in
1233 836 1362 900 certas
1373 829 1561 923 regiones
1578 827 1769 917 distribui,
1790 834 1832 910 δι
1846 840 1905 913 in-

201 967 411 1030 ternarum
431 957 605 1050 partium
625 952 723 1028 litus
737 955 813 1027 rite
827 948 1029 1047 dijudicari
1043 950 1170 1051 polllt.

300 1138 481 1214 Externos
496 1140 627 1232 itaque
642 1137 875 1220 umbilicuS,
901 1139 968 1230 qui
990 1134 1270 1220 Moamomo,
1295 1136 1429 1236 paliim
1445 1138 1623 1239 Fanestra,
1646 1140 1686 1217 dt
1701 1138 1906 1235 mmm,

203 1261 326 1341 Hilum
344 1264 504 1346 dicitur,
530 1265 750 1357 generatim
769 1261 827 1338 est
841 1262 951 1337 testae
978 1263 1136 1339 seminis
1163 1274 1368 1361 apertura,
1393 1287 1603 1363 perquam
1625 1266 1717 1343 vasa
1740 1270 1905 1342 nutritio

63 1443 70 1463 .
201 1393 250 1465 ad
274 1394 506 1465 interiorem
529 1383 616 1483 ejus
636 1391 847 1466 cavitatem
869 1391 1130 1486 pertingunt,
1165 1389 1204 1462 δι
1235 1411 1327 1483 quae
1357 1412 1432 1486 per
1456 1393 1722 1465 maturitatem
1749 1393 1906 1491 semper

201 1518 437 1611 obturatur,
463 1520 518 1591 ita
535 1527 694 1598 tamen,
713 1525 760 1588 ut
780 1536 894 1610 aquae
919 1513 959 1588 dt
980 1524 1102 1590 terrae
1121 1515 1355 1589 humoribus
1382 1515 1505 1589 facilis
1524 1516 1572 1590 ad
1595 1518 1779 1591 nucleum
1803 1540 1898 1592 con-

200 1643 365 1718 cedatur
387 1643 529 1717 aditus.
579 1640 620 1715 A
645 1641 796 1723 forma,
829 1639 918 1713 loco
944 1639 982 1714 dt
1011 1642 1190 1738 partibus
1216 1641 1295 1714 suis
1324 1641 1647 1725 accidentalibus,
1685 1646 1907 1736 generatim

200 1770 358 1869 dispesci
379 1767 507 1867 potest
526 1771 566 1840 in
589 1765 892 1863 superficialem,
919 1788 1156 1851 concavum,
1187 1789 1418 1841 convexum
1446 1767 1845 1867 &appendiculatum
1875 1768 1901 1845 s,

199 1899 383 1997 partibus
399 1891 620 1971 accefforiis
642 1891 838 1991 stipatum.

302 2075 560 2182 Superficialis,
586 2079 765 2152 omnium
790 2072 1149 2169 frequentiffimuS,
1176 2076 1358 2171 idemque
1379 2076 1679 2178 limplicissimus
1697 2075 1780 2162 est,
1818 2099 1909 2152 cum

199 2209 318 2305 parvi
333 2207 530 2280 duntaxat
554 2204 783 2309 foraminis,
815 2204 922 2301 pori,
948 2211 1018 2277 aut
1043 2205 1278 2278 cicatriculae
1307 2204 1432 2302 specie
1453 2215 1645 2303 appareat
1664 2204 1706 2278 δι
1722 2203 1832 2279 testae
1846 2204 1907 2277 su·

199 2332 378 2431 perficiei
401 2333 532 2407 obiter
551 2328 684 2405 saltem
705 2327 911 2426 imprellus
928 2331 1134 2407 videatur:
1161 2333 1200 2403 in
1218 2328 1489 2428 Campanum,
1514 2328 1711 2413 Primula,
1736 2328 1905 2403 Phaseo-

198 2458 261 2544 lo‚
289 2457 453 2553 Digitali
466 2456 508 2530 δι
530 2458 752 2530 innumeris
771 2456 870 2530 aliis.
920 2456 965 2529 In
989 2458 1195 2531 nonnullis
1209 2466 1342 2532 autem
1357 2454 1463 2548 quasi
1479 2465 1688 2532 truncatus
1701 2465 1771 2529 aut
1787 2457 1904 2531 dera-

198 2583 236 2661 sa
250 2583 410 2658 seminis
427 2580 504 2655 bali
522 2577 676 2656 cinctus
697 2578 770 2655 est:
798 2588 844 2654 ut
859 2584 897 2655 in
912 2578 1148 2680 Staphylea,
1176 2579 1489 2679 Hippocastano,
1523 2578 1773 2664 Lavendula,
1804 2578 1904 2655 Ale-

199 2712 274 2794 tri;
301 2708 340 2783 δι
362 2711 506 2784 iberum
531 2708 571 2779 in
594 2706 701 2789 aliis,
731 2707 886 2781 macula
913 2706 1088 2783 delinitae
1116 2709 1260 2781 formae
1290 2704 1331 2778 ἃ
1356 2708 1465 2782 nivei
1496 2708 1734 2805 plerumque
1755 2704 1903 2779 coloris

200 2835 410 2930 inlignitus
433 2831 765 2930 deprehenditur:
790 2842 836 2906 ut
855 2835 1033 2908 cicatrice
1058 2830 1280 2928 cordisormi,
1309 2832 1348 2901 in
1367 2829 1502 2908 Areca
1518 2832 1557 2907 ὅ(
1576 2829 1901 2937 Cardiospermo;

200 2960 346 3047 lineari,
384 2963 425 3033 in
448 2956 706 3047 Fraxinella3
748 2956 787 3031 δι
818 2955 972 3054 bifurca,
1010 2963 1050 3035 in
1079 2955 1405 3054 Dracocepbalo,
1440 2962 1645 3055 variisque
1679 2955 1764 3033 aliis
1790 2955 1901 3056 ller-

199 3089 384 3165 ticillatis.

299 3254 479 3332 Contactu
503 3257 729 3348 umbilicus,
761 3255 829 3341 vel
848 3258 1029 3355 cupularn
1057 3258 1123 3333 seu
1149 3259 1343 3336 fimbriam
1369 3255 1647 3357 repraesentat,
1673 3253 1809 3331 semini
1828 3278 1902 3331 ex·

198 3392 318 3457 terne
339 3383 521 3457 affixam:
548 3385 586 3455 in
608 3380 822 3475 Philydro,
848 3381 1028 3469 Datisca‚
1054 3383 1343 3483 Philadelpho,
1371 3383 1615 3466 Helleboro;
1650 3383 1720 3457 vel
1742 3385 1781 3455 in
1806 3404 1902 3479 pro·

200 3507 369 3582 fundum
392 3509 569 3582 canalem
590 3507 997 3585 infundibuliformern
1012 3509 1053 3583 δι
1067 3510 1184 3607 ipsius
1196 3514 1308 3588 testae
1322 3509 1451 3584 crusta
1468 3513 1577 3582 intus
1591 3506 1798 3589 vestitum,
1827 3528 1903 3580 ex·

199 3635 378 3733 sculptus
397 3633 481 3708 est:
507 3642 555 3707 ut
568 3636 608 3707 in
626 3632 857 3729 Zingibere,
882 3634 1040 3719 Canna,
1065 3634 1245 3734 Alpinia‚
1270 3635 1409 3728 Mula,
1434 3633 1474 3709 ὃ(
1488 3634 1711 3731 praesertim
1727 3637 1768 3707 in
1781 3631 1902 3708 Com·

200 3761 362 3845 melina,
389 3762 430 3832 in
452 3782 529 3854 qua
545 3759 582 3833 id
601 3759 766 3858 prorsus
785 3758 982 3852 lingulare
1003 3758 1075 3842 est,
1100 3763 1207 3855 quod
1228 3771 1339 3835 totus
1360 3760 1530 3854 embryo
1552 3760 1657 3831 intra
1675 3759 1785 3834 illurn
1809 3781 1902 3832 cru·

199 3885 372 3962 staoeum
392 3884 566 3959 umbilici
586 3884 762 3959 canalem
775 3884 937 3961 haereat.
988 3883 1159 3958 Minime
1175 3895 1309 3959 autem
1331 3885 1430 3969 huc,
1452 3880 1668 3980 ampliores
1690 3882 1768 3958 illae
1786 3906 1903 3983 aper·

200 4020 308 4085 turae
335 4011 527 4087 seminum
554 4009 832 4110 Menispermi,
865 4008 1022 4095 Limei,
1060 4008 1245 4085 Pavettaa
1275 4010 1315 4085 br
1341 4011 1601 4109 plurimarum
1626 4005 1902 4095 Stellatarum',

199 4137 406 4211 trahendae
422 4137 530 4220 sunt3
557 4140 741 4232 quamvis
764 4139 869 4212 enim
888 4137 974 4210 haec
990 4136 1137 4209 semina
1158 4160 1182 4210 a
1206 4137 1412 4211 nonnullis
1436 4132 1565 4210 stricte
1587 4135 1769 4210 dicantur
1791 4132 1903 4212 anabi·

201 4258 330 4345 licata,
353 4260 550 4335 foramina
567 4270 700 4338 tamen
720 4262 788 4338 ista
809 4284 893 4337 non
906 4262 996 4336 sunt
1006 4265 1094 4337 veri
1115 4262 1309 4346 umbilici,
1336 4264 1429 4357 quia
1452 4284 1533 4337 non
1555 4266 1594 4336 in
1615 4266 1827 4339 cavitatem
1843 4272 1904 4337 te·
1944 4255 1946 4259 ’

200 4385 269 4462 stae
301 4389 525 4481 internam,
564 4387 688 4463 sedin
709 4389 903 4464 fornicem
923 4387 1056 4462 saltem
1080 4387 1236 4462 leminis
1257 4386 1393 4461 bullati
1412 4396 1482 4460 aut
1516 4390 1713 4463 meniscati
1740 4388 1901 4463 ducunt.

198 4510 256 4586 Et
277 4514 331 4586 ita
346 4534 527 4607 quoque,
551 4516 719 4611 proprie
733 4513 953 4609 loquendo,
978 4522 1181 4608 aperturae
1206 4514 1442 4587 nucularum
1464 4515 1503 4597 in
1520 4515 1753 4607 quibusdam
1776 4510 1903 4610 Aspe-

201 4637 363 4722 rifoliis,
389 4633 510 4731 hujus
530 4638 607 4713 loci
625 4662 707 4714 non
720 4640 826 4723 sunt,
852 4641 1042 4732 quianon
1065 4634 1179 4711 testae
1190 4638 1367 4723 seminis,
1394 4636 1458 4710 sed
1478 4634 1567 4732 ejus
1579 4640 1801 4737 pericarpio
1815 4637 1906 4712 sunt

201 4766 425 4861 inleriptae3
450 4775 623 4841 attamen
647 4769 686 4840 in
713 4765 796 4849 his,
823 4773 1016 4863 poterunt
1039 4786 1116 4862 pro
1140 4764 1335 4838 umbilicis
1363 4763 1518 4846 haberi,
1557 4785 1680 4857 quum
1701 4762 1904 4839 funiculos

201 4890 406 4971 manifeste
418 4894 712 4978 transmittant,
737 4889 777 4968 dc
791 4889 839 4966 ab
857 4891 1044 4969 omnibus
1062 4892 1103 4965 in
1118 4888 1396 4967 umbilicorum
1415 4910 1628 4971 numerum
1646 4900 1859 4988 ponantur.

1015 5066 1047 5144 p
1730 5039 1913 5119 Convexus
2013 5071 2020 5079 ·
