4852 6062
893 484 1197 538 a
1801 496 1885 553 1.111

189 705 307 760 mens
334 687 509 760 humana
530 684 747 784 stupescat:
771 685 865 780 quid
885 686 1017 780 quaeso
1039 687 1181 769 obstat,
1215 687 1431 781 quominus
1450 682 1570 760 etiam
1590 680 1884 781 vegetabilium

188 815 303 888 vires
336 812 481 889 vitales
507 802 935 911 specifice‘modificaro
967 814 1170 889 crescendi
1196 812 1392 888 schemate
1414 813 1621 909 potuerint
1648 815 1791 901 imbui,
1838 824 1886 890 ut

190 939 342 1032 absque
364 938 530 1037 praeside
556 935 774 1020 intellestm
799 960 853 1012 ex
876 938 1015 1039 idonea
1036 941 1221 1022 materie,
1247 959 1400 1032 organa
1414 937 1589 1011 formare
1607 948 1755 1032 queant
1775 962 1884 1015 cecc-

191 1067 340 1137 nomiae
367 1064 600 1157 vegetabilis
625 1063 915 1140 necellitatibus
940 1062 1202 1139 sufficientia?
1266 1060 1414 1137 Nonne
1433 1064 1538 1135 enim
1565 1060 1631 1137 vel
1655 1063 1779 1161 ipsum
1804 1065 1885 1140 ser-

190 1212 283 1263 rum
310 1189 473 1266 definito
502 1192 651 1265 virium
680 1192 989 1282 magneticarum
1012 1201 1113 1288 typo
1138 1187 1267 1287 potest
1289 1188 1428 1270 imbui,
1476 1186 1515 1261 dr
1538 1209 1671 1262 nonne
1698 1188 1800 1263 idem
1821 1200 1886 1287 ty-

190 1336 270 1414 pus
303 1315 353 1395 de
380 1337 463 1389 uno
495 1318 535 1388 in
565 1317 732 1389 alterum
765 1314 863 1408 ferri
889 1313 1077 1399 frustum,
1124 1317 1219 1409 quin
1248 1316 1287 1387 in
1321 1312 1550 1410 stupendam
1576 1306 1664 1408 ejus
1687 1319 1883 1410 quantita-

190 1450 296 1523 tem,
323 1440 472 1534 absque
489 1442 571 1515 ulla
592 1443 740 1515 virium
757 1436 928 1535 jasium,
954 1438 1084 1536 potest
1105 1437 1356 1515 transfundi?
1394 1436 1480 1539 Cur
1511 1441 1642 1533 itaque
1664 1460 1744 1513 non
1770 1450 1884 1541 pote·

190 1567 246 1638 rit
264 1591 287 1638 e
313 1569 523 1660 vegetabili
544 1589 704 1664 quoque
728 1587 900 1664 corpore
916 1564 1079 1663 plenum
1102 1565 1306 1639 crescendi
1331 1564 1483 1639 schema
1506 1564 1544 1637 in
1564 1561 1787 1640 aiiimilatas
1809 1589 1883 1641 nu·

190 1693 372 1765 trimenti
395 1691 611 1767 moleculas
633 1691 879 1775 transfundi3
917 1689 957 1764 dr
976 1712 1048 1765 cur
1071 1710 1152 1764 non
1175 1693 1324 1789 poterit
1351 1690 1527 1789 specifica
1554 1690 1778 1789 ‘plantarum
1804 1692 1884 1768 for·
1937 1727 1943 1743 ·

191 1839 271 1909 ma,
302 1821 341 1889 in
360 1816 457 1915 iplis'
468 1840 606 1893 earum
620 1816 753 1892 lluidis
770 1817 949 1915 partibus
964 1815 1106 1891 illibata
1119 1816 1288 1902 servari3
1303 1802 1406 1891 ‘cum
1422 1816 1492 1893 vel
1504 1839 1532 1888 a
1547 1817 1670 1891 rueris
1683 1813 1883 1892 attradlio-

149 1992 153 1999 -
189 1945 255 2017 uis
279 1944 434 2019 viribus
458 1943 636 2047 specifice
660 1943 911 2026 modificatis,
948 1945 1099 2017 centies
1119 1943 1234 2021 soluti
1262 1942 1396 2042 &per
1422 1940 1575 2017 filtrum
1595 1938 1667 2016 aui
1688 1938 1792 2018 Salis
1814 1947 1884 2019 im·

190 2078 341 2142 mutata
362 2068 548 2144 servetur
574 2068 614 2176 dr
638 2070 934 2163 redintegretur
952 2065 1110 2162 ligura?
1151 2067 1285 2145 *Hanc
1310 2079 1421 2145 certe
1448 2067 1883 2168 compendiollllimaru‚

189 2191 495 2287 tntillimamque
519 2192 870 2292 praeformationis
884 2194 1131 2285 methodum,
1178 2216 1271 2288 quae
1295 2192 1532 2275 Creatorem
1560 2217 1721 2290 quoque
1753 2195 1883 2279 decet,

187 2317 359 2392 libenter
376 2319 637 2412 admittimus,
672 2341 763 2395 narn
784 2321 895 2395 vires
912 2328 1149 2417 potuerunt,
1184 2322 1264 2393 imo
1285 2318 1529 2421 debuerunt,
1566 2321 1615 2393 ab
1633 2323 1741 2394 omni
1763 2331 1883 2396 aeter·

145 2500 149 2509 .
188 2445 312 2518 nitate
334 2443 374 2518 δι
396 2446 436 2517 in
462 2468 582 2519 omne
600 2456 783 2542 tempus,
808 2442 919 2519 fuisse
935 2443 1218 2543 praedefinita,
1240 2444 1281 2520 dr
1300 2456 1432 2523 tamen
1448 2445 1496 2521 de
1516 2456 1722 2521 momento
1736 2449 1776 2520 in
1797 2471 1883 2550 mo·

188 2580 369 2645 mentum
391 2571 652 2667 poterunt-de
671 2591 784 2651 novo
806 2572 990 2656 excitari,
1029 2571 1300 2670 multiplicari,
1339 2570 1379 2645 dr
1404 2593 1494 2644 cum
1520 2582 1611 2669 apta
1632 2575 1797 2647 materie
1821 2573 1883 2649 fo·

187 2697 294 2772 clari.
356 2693 436 2772 Sed
457 2695 714 2793 praeformata
733 2698 916 2788 materia,
960 2719 1151 2795 perquam
1172 2696 1299 2771 labilis
1322 2715 1391 2771 res
1410 2696 1486 2781 est,
1524 2697 1563 2771 δι
1586 2698 1653 2774 vel
1675 2699 1755 2796 ipse
1775 2722 1883 2798 prae-

187 2821 385 2896 formatus
402 2823 588 2916 embryo‚
622 2821 773 2915 absque
790 2816 959 2916 conjuge
979 2824 1123 2900 vita&
1146 2822 1297 2916 absque
1315 2822 1338 2894 d
1345 2821 1481 2897 elicito
1507 2825 1652 2898 virium
1671 2832 1794 2921 typo,
1826 2826 1883 2899 nil

186 2945 256 3020 nili
278 2969 389 3021 mera
407 2944 502 3022 ell'et
523 2954 682 3020 mortua
704 2947 852 3045 plantae
880 2950 1150 3043 imaguncula,
1183 2946 1286 3022 haud
1310 2949 1441 3022 minus
1462 2947 1609 3043 fugax,
1648 2972 1767 3044 quam
1791 2971 1882 3047 per·

185 3070 285 3148 feste
306 3076 416 3148 iners
443 3083 563 3168 atque
590 3073 767 3157 inutilis;
805 3072 953 3148 sivero
975 3076 1058 3149 vita
1080 3073 1120 3148 dr
1141 3076 1252 3149 vires
1272 3075 1308 3146 ei
1333 3071 1539 3159 addendae,
1593 3068 1690 3149 tunc
1717 3076 1882 3172 prorsus

185 3200 431 3296 supervacua
460 3193 545 3294 ejus
571 3198 865 3297 praeformatio,
899 3201 991 3294 quia
1013 3199 1203 3282 formam,
1237 3200 1346 3272 omni
1370 3209 1554 3297 tempore
1576 3224 1599 3272 a
1619 3200 1881 3299 praedefinitis

183 3326 357 3410 viribus,
395 3324 561 3421 produci
591 3322 716 3422 poise,
758 3324 899 3398 Dianae
923 3326 1114 3400 arborum
1138 3323 1330 3422 exemplo
1364 3322 1571 3406 docemur,
1610 3348 1702 3419 quae
1724 3325 1881 3403 novilli-

183 3473 288 3524 mam
318 3450 357 3525 ὅ(
380 3449 687 3548 pulcherrimam
703 3452 810 3524 suam
831 3451 1019 3535 sormam,
1044 3451 1135 3525 solis
1157 3450 1302 3524 debent
1327 3445 1571 3524 attrar‘tionis
1593 3452 1769 3535 viribus,
1799 3451 1881 3528 stu·

180 3576 312 3675 penda
338 3578 511 3658 ratione,
554 3587 691 3675 partes
720 3576 850 3651 mallae
870 3579 1112 3672 inorganicae
1137 3578 1175 3648 in
1197 3574 1449 3649 simulacrum
1475 3599 1587 3650 verre
1613 3574 1751 3675 stirpis
1777 3578 1880 3652 ordl-

181 3701 380 3774 nantibus.
430 3699 490 3775 At
504 3723 586 3777 non
610 3700 679 3774 soli
699 3703 864 3785 rationi,
891 3703 954 3777 sed
975 3703 1040 3778 vel
1060 3704 1234 3776 maxime
1257 3722 1419 3794 quoque
1435 3704 1696 3797 experientiae
1708 3700 1750 3775 'in
1770 3704 1880 3799 plan-

179 3830 234 3903 tis
255 3826 456 3922 hybridis‚
507 3828 732 3921 germinum
755 3827 1030 3925 praeformatio
1058 3827 1313 3901 adversatur:
1349 3823 1666 3920 quandoquidem
1691 3827 1880 3922 hybridae

177 3953 347 4051 plantae,
387 3974 479 4048 quae
501 3973 554 4028 ex
573 3951 714 4049 copula
741 3951 907 4026 duarum
928 3952 1172 4028 diversarum
1198 3951 1413 4047 specierum
1439 3961 1676 4044 nascuntur,
1711 3955 1879 4028 mixtam

176 4077 375 4174 quandam
405 4089 527 4172 atque
559 4078 726 4151 mediam
759 4081 1102 4176 proportionatam
1132 4079 1237 4150 inter
1267 4088 1486 4168 utrumque
1523 4074 1635 4149 fuum
1669 4087 1878 4175 parentem

177 4205 351 4279 babeant
376 4203 565 4286 sormam,
609 4226 701 4297 quae
722 4203 897 4280 absolute
924 4226 1005 4278 non
1048 4228 1078 4277 e·
1103 4201 1351 4301 praestabilita
1379 4180 1574 4294 germinis
1598 4200 1727 4276 forma
1753 4204 1878 4301 proli-
1925 4198 1928 4203 ’

176 4333 276 4405 cisci
300 4339 437 4425 queat,
463 4328 526 4404 sed
546 4327 849 4403 recentissimam
875 4329 981 4403 fuam
1005 4330 1199 4422 originem
1226 4336 1365 4423 aperte
1393 4327 1433 4399 lo
1465 4336 1591 4399 uatur.
1617 4325 1773 4404 Volunt
1791 4332 1878 4424 qui·

176 4455 266 4530 dem
286 4454 533 4530 evolationis
552 4458 732 4552 patroni,
755 4454 860 4549 quod
889 4453 957 4530 illa
980 4453 1190 4549 singularis
1212 4452 1359 4535 forma,
1396 4349 1463 4571 adq
1462 4453 1645 4545 inaequali
1669 4453 1877 4551 spermatis

175 4579 513 4657 distributione&
539 4579 815 4675 indequoque
842 4593 958 4656 enata
984 4584 1026 4654 in
1053 4580 1235 4679 partibus
1267 4578 1457 4672 germinis
1487 4577 1629 4676 dispari
1656 4582 1878 4655 nutritione

175 4706 383 4805 procedam
408 4705 473 4783 sed
488 4708 565 4782 hoc
583 4702 802 4803 effugium,
828 4705 936 4803 quod
953 4729 1005 4782 ne
1021 4708 1061 4781 in
1073 4706 1244 4807 larynge
1255 4704 1414 4801 quidem
1429 4715 1550 4797 atque
1561 4701 1685 4777 cauda
1698 4704 1794 4776 muli
1809 4700 1880 4797 (n)

560 4868 566 4879 ·
1805 4854 1880 4908 no-

215 5018 266 5098 s)
281 5020 395 5080 Haza.
419 5012 517 5080 Elem
538 5012 666 5101 phyllol.
688 5024 768 5083 VIIl.
794 5036 824 5104 p.
846 5023 915 5097 126,
940 5072 945 5090 .
