4852 6062
902 532 1209 615 m
1320 623 1323 627 1
1765 528 1903 591 ,xxvia

199 744 436 843 genitalium
458 745 723 823 mosariorum
757 741 876 821 ducat
904 746 1113 849 originem.
1161 742 1331 823 Insertio
1356 763 1503 844 nempe
1527 741 1826 823 aeneatorum
1858 744 1904 835 lu¹

203 891 347 948 omnes
365 870 480 947 floris
499 880 651 970 partes,
680 894 733 948 ne
752 871 857 969 stylo
876 871 1034 968 quidem
1057 881 1245 971 excepto,
1279 870 1414 945 locum
1432 868 1578 954 haba,
1619 867 1659 945 ά
1681 868 1774 945 satia
1794 846 1901 945 clare

163 1074 169 1081 ,
203 997 417 1080 monstrat,
445 997 553 1090 quod
570 997 777 1072 staminum
800 1010 932 1082 ortus,
957 1019 1040 1072 non
1064 997 1232 1094 proprio
1252 993 1292 1071 bt
1316 993 1480 1071 definito
1503 993 1654 1069 cuidem
1669 995 1904 1093 plantarum

202 1122 368 1213 visceri,
387 1122 477 1207 sed,
498 1132 545 1196 ut
562 1122 682 1198 solide
696 1122 1017 1201 Hsowrorus
1041 1123 1106 1213 (ι.)
1132 1121 1283 1205 docuit,
1308 1118 1399 1218 ipsis
1413 1120 1586 1221 partium
1606 1118 1903 1213 vasusnutritiiu¹

203 1256 325 1342 atque
346 1244 550 1345 spiralibus
567 1245 773 1341 debeatur,
800 1250 947 1347 quippe
962 1268 1055 1341 quae
1074 1249 1203 1345 prima
1218 1245 1295 1322 sint
1309 1244 1543 1341 genitalium
1559 1246 1774 1341 utriusque
1783 1246 1904 1321 sexus

203 1372 414 1467 scaturigo.
480 1370 545 1446 De
569 1373 735 1467 reliquis
753 1374 1049 1451 filarueutorum
1069 1370 1247 1459 dotibus,
1290 1374 1368 1449 le
1394 1370 1609 1466 quidquam
1635 1370 1909 1457 monendum,

203 1496 276 1572 nisi
299 1497 407 1592 quod
430 1497 646 1571 maximam
672 1508 828 1596 partem
854 1503 958 1579 inter
976 1499 1015 1574 se
1033 1498 1284 1597 conspirent:
1325 1500 1377 1572 ita
1397 1502 1554 1603 interne
1574 1519 1716 1574 eorum
1737 1493 1910 1588 lubrice„

205 1623 295 1698 fere
315 1624 354 1695 in
375 1620 563 1697 omuibus
579 1623 718 1709 eadem
737 1624 777 1700 δι
795 1647 849 1702 ex
865 1627 989 1701 meris
1007 1622 1112 1701 vaus
1132 1631 1252 1718 atque
1269 1624 1381 1698 tenui
1401 1630 1597 1698 contextu
1617 1619 1909 1716 cellulosooom
1998 1648 2003 1659 ·

206 1742 301 1823 slata
325 1745 407 1831 est;
432 1746 472 1821 br
487 1745 540 1821 iic
565 1769 727 1843 quoque
746 1750 837 1827 satis
850 1750 1065 1827 uniformis
1082 1749 1141 1826 est
1155 1752 1300 1851 uoruui⁴
1312 1740 1577 1851 consistentia,
1602 1768 1750 1846 nempe
1765 1747 1806 1839 iu
1820 1745 1907 1844 ple·

206 1878 347 1972 risque
372 1872 560 1948 mollis&
576 1871 749 1959 llexilis,
774 1879 813 1950 in
828 1878 1080 1976 paucioribus
1097 1888 1199 1955 vero
1218 1897 1383 1959 cornea,
1407 1876 1602 1958 coriuoeu,
1620 1872 1908 1968 autsubligno·

209 2002 269 2089 sa3
310 2009 446 2077 motus
465 2022 566 2076 vero
587 1995 743 2095 nullus,
772 2001 845 2076 nisi
865 2005 905 2078 in
923 2000 1181 2102 paucissimis,
1201 2001 1389 2098 quaescil
1407 2004 1536 2077 veleb
1553 2010 1728 2079 externo
1749 1998 1907 2076 stimulo

208 2127 257 2203 ad
277 2136 433 2202 motum
448 2110 734 2219 nonnunquam
748 2112 923 2213 cientur,
960 2136 1031 2202 aut
1046 2112 1138 2221 quae
1159 2129 1323 2225 propria
1339 2126 1509 2222 quadam
1531 2130 1574 2205 vi
1593 2126 1746 2202 elastica
1767 2124 1908 2225 sponte

210 2255 431 2351 agitantur:
455 2246 681 2347 cujusmodi
701 2254 889 2353 exempla
902 2256 942 2328 in
961 2251 1152 2353 Opuntiis
1172 2252 1213 2328 δι
1232 2252 1403 2329 Kalmiis
1424 2252 1628 2329 habemus.

309 2463 491 2560 Ansina,
540 2465 730 2565 princeps
749 2482 1002 2562 organorum«
1021 2467 1282 2544 masculorum
1303 2486 1421 2565 pars,
1457 2465 1675 2562 eademque
1700 2465 1739 2538 in
1763 2459 1910 2564 plantis
1986 2504 1988 2508 >

210 2586 516 2694 persestioribus
533 2568 973 2686 ionge‘consuotiffima
990 2591 1069 2669 est:
1094 2592 1281 2689 siquidem
1300 2594 1338 2667 in
1352 2593 1416 2667 his
1435 2612 1637 2686 uunquam
1653 2589 1813 2666 defuisse
1827 2590 1911 2667 visa

212 2719 278 2805 sit,
317 2717 389 2792 nisi
411 2720 452 2795 in
468 2715 638 2791 floribus
661 2738 773 2791 mere
794 2716 996 2803 femineis,
1028 2727 1099 2797 aut
1122 2721 1161 2792 in
1182 2700 1375 2796 morbosis
1395 2730 1515 2814 atque
1534 2714 1784 2803 monstrosis,
1821 2718 1909 2815 qui·

212 2844 289 2919 bus
311 2843 351 2918 δι
370 2851 541 2917 neutros
559 2843 768 2919 accensere
788 2845 891 2921 licet
940 2837 1111 2941 Semper
1135 2847 1175 2918 in
1202 2845 1497 2941 filamentorum
1520 2844 1777 2919 extremitate
1796 2840 1911 2942 supe·

214 2969 315 3044 riori
334 2967 510 3053 haerent,
542 2967 608 3051 br,
644 2969 714 3043 vel
731 2992 873 3045 eorum
897 2970 995 3066 apici
1016 2967 1195 3045 insistunt
1210 2966 1374 3052 ereitae,
1405 2968 1475 3046 vel
1503 2967 1631 3042 eidem
1652 2966 1915 3045 transversim

215 3093 451 3169 incumbunt
484 3090 710 3179 versatiles,
751 3095 820 3169 vel
847 3094 888 3168 ὅτ
917 3116 1059 3170 eorum
1093 3093 1210 3168 lateri
1237 3096 1397 3170 interno
1428 3092 1647 3188 affiguntur
1679 3092 1913 3197 immobiles.

215 3214 437 3303 Numerus,
467 3226 513 3292 ut
523 3214 739 3316 plurimum
758 3236 846 3287 cum
863 3220 930 3293 illo
945 3219 1241 3293 filamentorum
1258 3222 1455 3314 congruit,
1480 3228 1527 3294 ut
1539 3228 1673 3295 tamen
1688 3217 1728 3294 dr
1741 3221 1914 3315 geminae

215 3365 529 3437 nonnunquam,
559 3341 598 3417 δι
616 3344 657 3415 in
684 3339 893 3437 Myristica
915 3345 1054 3441 plures
1077 3343 1260 3419 antherae
1281 3347 1321 3417 in
1342 3342 1506 3438 fingulis
1524 3344 1739 3421 filamentis
1759 3346 1914 3445 reperi·

217 3479 349 3544 antur.
398 3464 563 3543 Nexum
581 3467 624 3543 dc
639 3464 900 3542 cohaesionem
921 3470 1027 3542 inter
1049 3469 1088 3547 se
1114 3472 1154 3542 in
1188 3470 1281 3544 solis
1303 3469 1558 3570 Compositis,
1591 3471 1806 3569 paucisque
1825 3469 1914 3545 aliis

216 3595 388 3672 floribus
411 3595 576 3678 babent,
611 3594 650 3666 in
665 3594 809 3687 quibus
824 3593 899 3669 scil.
926 3596 965 3668 in
983 3594 1108 3669 tubuli
1133 3604 1203 3670 aut
1220 3599 1428 3673 coronulae
1446 3598 1612 3697 speciem
1631 3596 1786 3693 coalitse
1807 3594 1917 3680 inuti

217 3725 259 3797 in
289 3723 457 3816 reliquis
481 3724 667 3797 omnibus
693 3730 826 3793 autem
851 3722 1012 3816 penitus
1043 3722 1200 3805 liberae,
1233 3722 1301 3799 vel
1325 3723 1455 3798 obiter
1476 3723 1612 3797 saltem
1638 3723 1743 3796 inter
1759 3719 1799 3795 se
1820 3741 1915 3794 con·

217 3851 428 3944 glutirmtae
441 3844 815 3943 deprehenduntur.
864 3841 1036 3939 Figura,
1070 3869 1160 3921 cum
1175 3848 1350 3932 modico,
1385 3850 1481 3942 quin
1496 3848 1536 3924 dc
1549 3845 1719 3947 parvulo
1739 3844 1916 3942 plerum·

218 3997 298 4069 que
317 3972 551 4054 volumine,
577 3972 636 4046 eis
654 3973 764 4046 varia
785 3969 861 4045 est:
898 3983 944 4043 ut
961 3970 1176 4064 globulosa,
1212 3970 1405 4056 ovoidea,
1431 3971 1609 4069 didyme,
1635 3971 1824 4065 oblonga,
1846 3990 1916 4043 cu·

217 4096 386 4196 spidata3
419 4118 546 4193 porro
563 4095 756 4190 sagittata,
792 4097 1051 4181 corniculata,
1077 4097 1268 4196 repanda3
1305 4095 1495 4192 denique,
1522 4097 1736 4193 glandulis,
1761 4097 1853 4174 setis
1872 4119 1919 4173 ac
2070 4126 2073 4130 ·

219 4222 397 4299 barbulis
417 4219 730 4318 appendiculam,
759 4229 829 4295 aut
844 4219 892 4314 &j
906 4221 1000 4307 alia,
1025 4225 1245 4317 generatim
1268 4243 1370 4300 vero
1398 4222 1488 4322 post
1510 4221 1782 4321 exploiionem
1804 4210 1919 4324 polli-

219 4352 286 4424 nis
306 4373 330 4422 ει
353 4345 517 4446 pristina
542 4346 698 4445 semper
721 4344 884 4422 diversa
946 4344 1130 4434 Fabrica,
1156 4351 1197 4424 in
1219 4347 1450 4428 universum
1471 4348 1642 4448 duplex:
1681 4347 1819 4443 solida,
1850 4356 1922 4424 aut

219 4472 537 4550 loculamentosa
594 4471 665 4545 Illa
683 4471 800 4549 valde
820 4470 1073 4567 infrequens,
1120 4476 1160 4549 in
1178 4474 1271 4549 solis
1297 4473 1532 4569 quibusdam
1551 4470 1785 4557 Contortis,
1823 4490 1921 4574 psu-

220 4602 360 4693 cisque
387 4594 597 4674 Orchideis
626 4597 760 4672 locmn
781 4597 920 4682 habet,
968 4598 1178 4695 inquibus
1203 4599 1279 4676 nil.
1313 4598 1496 4675 antherae
1526 4604 1688 4699 penitus
1728 4598 1860 4676 solidae
1882 4600 1923 4675 dc

221 4746 277 4800 ex
292 4723 486 4797 rmiformi
508 4722 716 4799 substantia
742 4722 979 4810 subcornea,
1023 4724 1091 4803 vel
1107 4722 1147 4799 dr
1168 4725 1329 4800 carnosa
1348 4724 1532 4799 sormatce
1555 4724 1919 4824 deprehenduntur.

222 4846 553 4926 Loculanrentosa
579 4859 713 4924 autem
744 4847 891 4925 fabrica
928 4852 1107 4927 omnium
1135 4846 1376 4927 usitatissima
1405 4847 1446 4926 &
1477 4848 1565 4928 sere
1591 4847 1824 4930 universalis
1850 4850 1922 4935 est,
1980 4900 2003 4923 ,

317 4966 324 4975 ’
749 5062 754 5071 ,
811 5067 819 5093 Ι
980 5066 989 5079 „
1059 4973 1131 5093 ἀρ
1225 5062 1229 5071 1
1292 5066 1296 5071 .
1815 4999 1922 5075 ‚nam

268 5128 315 5204 ι.)
337 5128 442 5209 Leipa.
457 5114 579 5204 'magon
603 5140 681 5204 1782,
703 5142 764 5201 ster
785 5129 887 5194 siuet,
