4852 6062
873 529 1186 602 ===t=
1815 548 1874 607 av

176 737 315 814 haunit
334 740 549 834 patronos,
575 733 642 825 qui
661 738 748 803 etin
768 727 1057 805 illustrarint&
1074 728 1292 829 praesertim
1319 733 1357 803 in
1379 729 1588 823 vegetabili
1611 751 1738 827 regno
1752 757 1872 833 egra.
2007 725 2008 728 ’

175 869 250 963 giis
275 861 580 937 corroborarint
593 858 908 954 experimentis;
934 859 1120 951 quamvis
1139 862 1259 935 etiam
1276 880 1356 930 non
1378 856 1677 951 defuerimus,
1697 863 1769 957 qni
1785 887 1874 941 eam

175 994 304 1070 variis
331 987 603 1085 impugnarint
620 984 758 1060 dubiis.
809 982 887 1075 Ita,
915 996 963 1058 ut
983 1007 1089 1059 nunc
1110 986 1266 1062 leviora
1287 985 1493 1078 sileamus,
1525 985 1604 1059 hoc
1622 998 1765 1062 contra
1785 1015 1874 1071 eam
1895 1008 1899 1015 ·

174 1118 352 1191 maxime
373 1112 589 1211 speciosum
610 1124 780 1205 urgetur
798 1121 1102 1205 argumentum:
1128 1113 1234 1205 quod
1260 1134 1391 1207 neque
1411 1114 1449 1187 in
1474 1112 1649 1202 miranti,
1683 1134 1813 1209 neque
1832 1118 1874 1195 in

174 1241 390 1336 vegetabili
409 1261 538 1333 regno
555 1238 769 1315 femineum
789 1239 1016 1335 reperiatur
1037 1238 1190 1334 sperma
1201 1263 1215 1319 ·;
1253 1239 1429 1331 adeoque
1449 1237 1555 1331 quot
1578 1239 1702 1335 ipsum
1728 1238 1875 1320 dustria

173 1392 240 1443 ιω
272 1368 576 1443 fundamentum
606 1366 709 1440 labat
738 1365 777 1439 &
808 1367 922 1438 inane
951 1363 1009 1441 iit.
1076 1358 1156 1437 Sed
1173 1363 1260 1438 heic
1279 1364 1402 1460 probe
1422 1386 1633 1443 caveamus
1648 1388 1674 1437 a
1694 1367 1882 1461 ingoma-¹

173 1497 283 1579 chia:
328 1490 372 1568 Si
393 1493 468 1569 icil.
489 1492 568 1566 mie
594 1501 784 1590 poscatur
804 1491 958 1588 sperma
987 1489 1239 1580 fentininam,
1276 1489 1392 1581 quale
1418 1488 1475 1564 est
1500 1491 1735 1577 inescatuma
1775 1504 1875 1573 tuno

172 1627 315 1717 utique
339 1618 649 1717 respondemus,
676 1616 760 1691 dari
780 1614 952 1691 nullum:
988 1614 1044 1691 fin
1065 1613 1142 1691 tale
1168 1615 1217 1689 sit
1234 1615 1538 1699 adnuittendum,
1578 1618 1697 1711 quase
1719 1621 1797 1720 ipsa
1815 1625 1883 1698 nei·

172 1759 318 1823 natura
328 1743 506 1843 poscit&
515 1742 747 1836 genitahum
757 1743 1022 1818 conformatio
1034 1741 1223 1835 indigitat,
1249 1752 1345 1816 tunc
1361 1744 1524 1817 amitino
1541 1742 1756 1821 femineum
1773 1748 1879 1846 sper·-

172 1896 238 1948 ιιι
263 1870 389 1951 adest,
427 1869 537 1943 seda
567 1869 786 1943 masculino
816 1870 955 1943 multis
989 1868 1120 1943 modis
1147 1869 1358 1944 diversum.
1425 1866 1584 1967 Nempe
1611 1874 1885 1951 masculinum*

171 1998 329 2096 sperum
353 1995 401 2068 ah
422 1997 585 2090 organis
609 1994 852 2079 elaboratur,
882 1995 976 2070 huic
999 1995 1068 2068 soii
1089 1996 1245 2068 muneri
1272 1991 1427 2077 dicatis:
1460 2016 1584 2087 quare
1604 1995 1879 2093 &longuram

171 2126 331 2223 sperma
355 2123 511 2219 semper
537 2121 587 2194 ab
607 2122 697 2194 aii'n
723 2121 920 2219 partibus,
951 2131 1220 2218 praeterquam
1252 2123 1290 2195 in
1316 2119 1560 2217 aphroditis,
1599 2125 1876 2215 ritefdistintta

172 2253 283 2342 ἰωῆς
305 2271 450 2347 porro,
482 2247 636 2344 sperma
654 2246 750 2319 iliud
769 2245 926 2343 semper
942 2252 1114 2351 proprio
1140 2248 1289 2343 gaudet
1311 2248 1567 2333 diverticulo,
1611 2251 1718 2325 utin
1745 2253 1876 2333 &aun

172 2386 419 2475 opportunae
438 2373 593 2471 oopuiae
609 2381 790 2469 paratum
813 2371 874 2455 fit,
903 2371 944 2447 ἅ
957 2372 1069 2448 facile
1088 2373 1230 2451 denno
1247 2377 1285 2448 io
1307 2376 1428 2448 alium
1451 2374 1584 2449 iocum
1609 2373 1726 2472 poffit
1737 2388 1877 2455 trans,

171 2502 293 2587 femi3
319 2499 548 2592 &denique
565 2501 765 2591 quantitas
790 2492 878 2592 ejus
902 2497 1057 2597 semper
1079 2500 1291 2592 notabilis,
1322 2501 1416 2594 quin
1445 2498 1682 2593 largiuscuia
1702 2499 1779 2578 effe
1806 2504 1873 2579 de·

171 2630 257 2713 bet,
282 2638 330 2702 ut
347 2627 530 2723 repetitis
550 2624 703 2699 vicibus
728 2624 1005 2709 administrari,
1038 2627 1219 2725 pluribus
1240 2628 1374 2702 ovulis
1400 2626 1676 2703 foecundandis
1696 2629 1875 2708 sufficere

171 2756 210 2831 ἂ
231 2755 384 2848 absque
404 2751 568 2827 virtutis
589 2748 667 2823 suae
683 2748 925 2824 detrimento
943 2774 1033 2826 cum
1062 2752 1309 2848 stigmatis&
1334 2752 1425 2848 styli
1452 2754 1690 2828 humoribus
1714 2758 1874 2834 misceri

171 2890 304 2978 queat.
353 2877 456 2977 Haec
477 2875 652 2949 absolute
674 2872 885 2949 necess'aria
902 2875 991 2951 stunt
1006 2876 1215 2979 spermatis
1241 2881 1447 2954 masculini
1475 2879 1659 2974 requisita
1677 2885 1718 2955 in
1745 2889 1873 2959 omni-

169 3009 246 3082 hus
270 3005 417 3102 plantis
445 3000 783 3097 hermaphroditis
806 3010 926 3096 atque
957 3004 1215 3101 androgynis.
1290 3002 1349 3080 Aa
1378 3006 1441 3080 his
1470 3009 1629 3104 penitus
1651 3011 1874 3085 contrarias

171 3131 249 3209 effe
275 3131 420 3206 debere
451 3125 681 3205 affettiones
706 3130 906 3222 geniturae
927 3128 1128 3214 femineae,
1166 3130 1234 3206 vei
1262 3133 1339 3231 ipsa
1365 3135 1467 3207 ratio
1488 3131 1646 3210 distitat.
1703 3134 1876 3229 Organa

169 3281 317 3356 nempe
338 3279 429 3352 quae
450 3278 535 3333 eam
562 3252 808 3355 producunt,
847 3276 930 3329 non
951 3255 1046 3328 huic
1063 3254 1148 3341 soii,
1194 3258 1256 3331 sed
1285 3259 1324 3333 he
1348 3261 1475 3335 variis
1503 3259 1588 3337 aiiis
1613 3263 1873 3348 anunenbus,

169 3386 444 3485 conceptioni,
484 3380 692 3479 gestationi
719 3391 761 3456 et
781 3383 915 3479 partui
943 3381 1187 3474 inserviunt,
1235 3394 1354 3478 atque
1384 3385 1475 3459 hinc
1503 3409 1583 3460 non
1621 3387 1752 3486 potest
1791 3410 1873 3462 non

167 3515 337 3611 propria
363 3509 471 3585 istius
492 3509 692 3603 geniturae
716 3507 872 3582 officina
892 3507 969 3584 effe
991 3506 1161 3581 ahstrusa
1185 3517 1304 3604 rit-„lue
1325 3511 1412 3586 aiiis
1433 3486 1613 3611 partibus
1633 3517 1874 3597 iritertexta3

167 3636 330 3720 deinde,
366 3636 478 3710 nulio
496 3634 739 3710 diverticulo
756 3634 847 3709 huic
867 3630 1052 3734 spermati
1080 3657 1182 3739 opus
1203 3636 1282 3728 est,
1328 3661 1419 3712 nam
1442 3640 1543 3714 bene
1566 3639 1801 3714 custoditum
1825 3639 1873 3712 ab

166 3765 315 3840 ovario
338 3761 436 3861 ipso,
469 3782 673 3854 nunqnam
697 3772 816 3834 extra
835 3762 913 3840 hoc
935 3763 1098 3855 migrat,
1137 3762 1201 3835 sed
1226 3760 1350 3836 statim
1380 3766 1418 3835 in
1442 3784 1531 3838 eum
1555 3766 1690 3837 iocum
1709 3763 1875 3861 deponi·

164 3900 257 3975 tur,
295 3891 334 3963 in
352 3912 431 3984 quo
453 3890 535 3964 solo
560 3883 647 3984 ejus
669 3888 877 3985 praesentia
895 3886 1103 3962 necessaria
1123 3886 1195 3970 est,
1227 3910 1372 3986 nempe
1398 3891 1500 3962 intra
1528 3891 1695 3964 ovuiiurn
1722 3891 1876 3990 ipsum5

166 4030 211 4094 et
231 4021 326 4094 hinc
349 4013 520 4109 denique
544 4018 682 4107 tertio,
708 4016 908 4109 quantitas
926 4009 1032 4109 ejus,
1060 4038 1134 4112 per
1158 4016 1272 4112 ipsam
1301 4018 1581 4107 minaturum,
1619 4016 1718 4091 haud
1739 4018 1849 4110 larga
1862 4022 1878 4100 3.

166 4149 249 4221 imo
276 4168 330 4219 ne
349 4141 523 4216 sensibus
539 4143 696 4236 quidem
722 4143 991 4240 perceptibilis
1012 4138 1097 4216 eise*
1110 4140 1258 4240 potest,
1284 4164 1407 4235 quum
1429 4167 1524 4217 raro
1550 4147 1653 4217 intra
1678 4142 1874 4237 singulum
1926 4209 1928 4213 ,

165 4274 337 4347 ovuium
361 4292 444 4344 uno
472 4268 611 4366 plures
637 4268 818 4340 habitent
843 4268 1107 4361 enh-yones,
1151 4280 1270 4361 atque
1296 4268 1345 4342 ad
1374 4269 1671 4366 producendum
1697 4274 1872 4369 primurn

165 4398 265 4472 illud
293 4392 525 4496 punstqum
558 4395 701 4468 vivum
726 4392 750 4467 s.
772 4393 1008 4477 medullare,
1042 4393 1195 4465 infinite
1221 4416 1343 4491 parva
1382 4398 1603 4489 quantitas,
1654 4398 1723 4470 vel
1754 4397 1872 4494 ipsms

164 4544 331 4619 quoque
356 4521 572 4620 spermatis
586 4518 795 4594 masculini
820 4522 909 4613 (ι.)
932 4519 1168 4612 requiritur,
1195 4520 1249 4592 ita
1263 4531 1306 4595 nt
1325 4523 1444 4596 etiam
1467 4523 1506 4596 id
1526 4525 1673 4621 ipsum,
1708 4525 1744 4595 in
1766 4524 1878 4621 pian-

1819 4653 1871 4725 tis

231 4867 337 4950 r.)1n
360 4867 503 4938 Triono,
534 4883 576 4924 ex·
597 4859 789 4946 quatermille
812 4862 992 4941 ottingenris
1016 4874 1046 4922 et
1068 4854 1219 4940 sexaginta
1242 4860 1338 4923 trihus
1361 4855 1484 4942 pollinis
1506 4860 1639 4940 gentilis
1652 4909 1665 4939 ,
1703 4862 1765 4926 seia
1786 4868 1874 4946 quin·

295 4981 457 5061 quaginta,
492 4979 635 5041 omnibus
659 4983 749 5039 unius
773 4973 910 5064 cephalae
919 4974 1128 5040 fecundandis
1150 4975 1256 5040 ovulis
1271 4971 1433 5049 suffecisse,
1469 4972 1597 5039 affirmat
1621 4981 1872 5042 Κοεικευτ.

290 5090 482 5173 Vorlaeuffig.
505 5094 622 5157 Narhr.
644 5114 675 5179 p.
698 5113 728 5167 9,
