4852 6062
945 514 1251 547 “““““““““““
1824 515 1951 571 LXXV
2034 526 2038 531 ’

239 717 382 798 tiales,
407 713 610 813 profundo
626 714 736 788 hiatu
759 713 858 789 asui
879 712 1068 790 similibus
1091 700 1305 802 discretos,
1329 717 1591 814 colliguntur3
1617 718 1657 796 δι
1678 720 1837 799 demum
1858 736 1946 803 tota

238 845 332 917 haec
354 841 627 916 fasciculorum
648 843 874 934 congeries,
901 843 940 913 in
963 842 1167 944 ingentem
1193 841 1355 938 globum
1386 858 1554 923 ovatum
1573 847 1617 922 ἃ
1640 850 1942 947 polyda'dtylum

238 971 532 1068 compingitur,
562 970 631 1062 qui
652 968 731 1067 ipse
747 964 923 1040 Pandani
940 964 1096 1041 fruitus
1111 965 1178 1042 est.
1229 969 1275 1042 In
1294 967 1447 1046 Sitodio
1459 983 1591 1048 autem
1607 979 1830 1076 pericarpia
1846 1002 1941 1077 pro-

236 1098 344 1194 pria,
371 1095 512 1169 molles
530 1095 621 1168 sunt
639 1095 788 1178 baccae,
815 1116 985 1188 quarum
1005 1094 1159 1195 semper
1174 1099 1326 1189 quinae,
1352 1101 1552 1184 autsenae,
1579 1103 1755 1200 apicibus
1777 1105 1878 1189 suis,
1900 1112 1942 1180 in
2058 1095 2067 1122 '

237 1206 470 1296 fasciculum
484 1218 691 1319 partialem
714 1219 948 1304 coalescunt,
974 1231 1094 1314 atque
1116 1220 1294 1316 singulus
1321 1225 1467 1301 horum
1498 1224 1771 1303 fasciculorum
1802 1231 1939 1305 tuber-

238 1347 561 1421 culohexaaedro
576 1348 832 1445 praepilatur3
859 1346 937 1444 ipsa
955 1369 1056 1422 vero
1072 1347 1158 1443 haec
1185 1350 1392 1425 tubercula
1413 1354 1518 1426 inter
1536 1353 1574 1427 se
1597 1353 1940 1431 conserruminan·

237 1482 311 1546 rur
334 1476 496 1565 omnia,
529 1474 569 1549 ὃ(
593 1472 645 1548 ilc
668 1474 892 1547 communis
925 1473 1095 1547 nascitur
1123 1486 1267 1549 cortex
1299 1480 1542 1571 muricatuS‚
1582 1482 1649 1573 qui
1677 1472 1941 1573 grandissimae

237 1600 370 1673 baccae
384 1600 530 1697 specie,
559 1604 691 1677 omnia
712 1603 751 1671 in
772 1599 812 1672 se
831 1597 1104 1698 complectitur
1123 1597 1265 1676 Sitodii
1287 1605 1426 1676 ovaria
1441 1607 1615 1702 propria.
1666 1605 1784 1679 Alios
1808 1602 1938 1680 haste-

236 1745 338 1809 nuS,
367 1736 517 1824 praeter
541 1726 616 1800 hos
636 1723 792 1800 frustus
810 1725 1073 1823 compositos,
1096 1748 1180 1800 non
1207 1730 1322 1812 novi;
1349 1727 1448 1802 &hi
1474 1730 1542 1829 ipsi
1570 1731 1702 1806 forsan
1725 1730 1941 1830 potuissent

236 1851 291 1925 ad
305 1849 461 1926 frustus
481 1864 747 1948 aggregatos,
782 1876 881 1926 mox
903 1851 1112 1937 dicendos,
1144 1851 1309 1937 referri,
1342 1853 1414 1927 nili
1437 1854 1647 1951 singularis
1676 1881 1817 1934 eorum
1837 1858 1939 1933 habi·

236 1988 309 2054 tus
328 1990 447 2074 atque
465 1979 629 2066 fabrica,
654 1980 894 2081 peculiarem
913 1977 1004 2078 ipfis
1026 1977 1267 2074 assignarent
1287 1980 1429 2055 locum.

339 2189 474 2281 Situs,
508 2198 612 2270 inter
626 2215 768 2271 omnes
787 2190 1032 2270 extrinsecas
1053 2191 1257 2269 fructuum
1277 2192 1526 2281 affettiones,
1551 2219 1631 2272 una
1652 2222 1707 2273 ex
1723 2203 1939 2299 praecipuis

236 2320 317 2405 est,
340 2332 459 2415 atque
479 2324 545 2396 sua
562 2322 778 2397 constantia
794 2323 968 2415 reliquas
992 2318 1079 2396 sere
1098 2342 1238 2396 omnes
1267 2323 1433 2421 superat.
1483 2323 1696 2409 Refertur,
1722 2327 1865 2401 vel'ad
1879 2336 1938 2401 to·

235 2458 322 2523 tam
347 2448 530 2547 stirpem:
555 2450 659 2526 unde
682 2447 780 2524 srtus
803 2448 1006 2535 communis,
1037 2448 1104 2522 vel
1130 2448 1344 2523 desumitur
1369 2474 1392 2524 a
1418 2434 1630 2549 positiunc,
1656 2473 1774 2545 quam
1801 2455 1939 2526 oraria

235 2577 347 2648 inter
361 2577 399 2650 se
414 2577 493 2674 ipsa
508 2577 675 2651 habent:
701 2575 806 2650 unde
810 2572 1003 2673 pardalin
1030 2575 1097 2650 vel
1110 2575 1279 2669 denique
1288 2571 1488 2671 judicatur
1502 2600 1559 2652 ex
1571 2577 1681 2661 loco,
1705 2600 1826 2673 quem
1840 2602 1936 2659 ova-

235 2704 345 2776 rium
365 2704 404 2776 in
423 2702 527 2778 flore
539 2713 669 2778 tenet:
694 2703 800 2777 unde
808 2704 977 2801 proprius
992 2701 1089 2778 situs
1101 2704 1279 2797 entergit

338 2910 575 2989 Communis
591 2911 929 2999 fructuumfitus,
957 2936 1099 2989 omnes
1115 2910 1200 2988 illas
1221 2913 1392 2988 admittit
1412 2913 1748 2999 modificationes,
1774 2935 1874 3009 quas
1897 2918 1936 2991 in
2002 2930 2006 2937 ’

236 3039 322 3136 ipso
339 3061 499 3134 quoque
510 3039 657 3114 florum
672 3040 1103 3138 fitudeprelrendimus,
1128 3050 1247 3134 atque
1257 3040 1349 3113 hinc
1364 3041 1529 3115 dantur:
1555 3038 1709 3115 fruitus
1726 3041 1935 3126 radicales,

236 3165 402 3250 caulini,
427 3170 576 3251 ramei;
602 3170 717 3260 item,
742 3167 996 3251 terminales,
1028 3169 1234 3260 axillareS,
1259 3165 1473 3252 laterales,
1505 3168 1760 3251 verticillati;
1791 3189 1934 3265 porro,
2040 3234 2044 3240 .

235 3287 387 3384 erecti,
419 3297 578 3387 cernui,
603 3291 791 3392 penduli,
817 3293 1014 3386 denique,
1049 3296 1231 3391 capitati,
1263 3293 1417 3391 spicati,
1449 3293 1659 3380 racemosi,
1692 3293 1934 3391 corymboli,

235 3419 442 3492 umbellati
452 3418 531 3494 &cz
550 3440 641 3515 quae
654 3423 788 3497 omnia
801 3443 856 3493 ex
875 3420 1138 3515 anthologicis
1152 3429 1247 3493 nota
1261 3420 1360 3493 sunt.

335 3626 520 3705 Partialis
534 3629 631 3705 situs
648 3653 703 3704 ex
715 3631 827 3706 varia
842 3629 1012 3704 nascitur
1029 3628 1222 3714 distantia,
1248 3651 1367 3722 quam
1383 3634 1522 3706 oraria
1535 3632 1777 3708 diversorum
1788 3629 1935 3705 ssorum

234 3760 343 3831 inter
363 3758 401 3833 se
421 3757 587 3833 habent:
616 3756 706 3831 inde
727 3758 898 3831 veniunt
912 3751 1066 3828 sruttus
1085 3754 1216 3840 dissiti,
1242 3758 1404 3847 remoti,
1430 3757 1564 3854 sparsu
1592 3758 1631 3831 δι
1652 3766 1809 3841 contra,
1840 3761 1934 3834 vici-

234 3886 299 3976 ni,
326 3886 563 3982 propinqui,
589 3883 783 3978 congesti,
810 3882 956 3963 verbo,
982 3879 1162 3979 separati,
1189 3882 1345 3976 qnando
1372 3903 1445 3957 nec
1469 3905 1682 3959 commune
1703 3885 1851 3958 habent
1869 3907 1932 3958 re-

231 4011 507 4108 ceptaculum,
539 4033 613 4084 nec
637 4010 676 4085 se
711 4021 853 4084 mutuo
880 4008 1116 4101 coritingere
1139 4005 1316 4105 possunt3
1341 4017 1410 4080 aut
1440 4004 1649 4106 consociati,
1677 4010 1835 4104 quando
1864 4009 1933 4085 sibi

231 4140 433 4234 proximi,
459 4137 724 4213 determinato
744 4134 922 4209 insistunt
938 4133 1190 4231 receptaculo
1207 4135 1418 4207 communi.
1445 4134 1509 4207 De
1528 4133 1717 4231 separatis
1732 4138 1830 4210 nihil
1844 4137 1933 4211 heic
1984 4197 1986 4201 ,

232 4262 437 4361 peculiare
466 4262 726 4347 monendum,
763 4263 811 4335 de
841 4259 1073 4333 consociatis
1107 4271 1240 4335 autem
1263 4259 1500 4344 tenendum,
1527 4262 1634 4356 quod
1657 4264 1864 4339 commode
1889 4268 1933 4339 in

231 4389 534 4484 aggregatos&
555 4390 786 4484 segregatos
805 4386 961 4485 dispesci
985 4396 1143 4479 queant.

335 4570 541 4669 Aggreguti
552 4571 725 4656 fruitus,
750 4573 818 4648 vel
835 4572 951 4669 plane
969 4571 1103 4655 nullo,
1129 4569 1197 4644 vel
1214 4570 1415 4643 communi
1432 4568 1566 4645 saltem
1585 4571 1760 4664 gaudent
1773 4577 1931 4651 involu-

230 4722 328 4781 cro,
361 4711 480 4792 atque
503 4698 799 4797 receptaculum
825 4720 969 4773 eorum
998 4720 1228 4789 commune,
1258 4695 1414 4793 semper
1439 4698 1761 4789 integritatum,
1800 4723 1842 4773 ac
1867 4701 1933 4775 vel

225 4825 404 4908 nudum,
434 4823 500 4899 vel
526 4826 712 4922 pilosum,
738 4823 808 4897 vel
833 4824 1089 4921 paleaceum,
1126 4824 1196 4899 vel
1217 4822 1331 4896 floris
1355 4822 1543 4915 reliquiis'
1563 4824 1755 4900 consitum
1782 4827 1862 4910 est,
1887 4836 1933 4902 ut

226 4954 374 5029 oraria
395 4950 434 5025 se
453 4960 612 5047 mutuo,
650 4974 757 5027 nunc
774 4953 922 5061 magiq,
946 4972 1054 5025 nunc
1069 4951 1201 5027 minus
1222 4951 1456 5044 contingere
1476 4961 1642 5045 queant:
1667 4955 1708 5026 in
1726 4949 1930 5051 Opetiola,

1065 5074 1144 5147 ka
1239 5091 1243 5097 '
1615 5074 1618 5079 ⁴
1758 5073 1930 5173 Sparga-
