4852 6062
885 525 1189 588 a
1670 513 1672 516 Α
1840 551 1891 603 jx

179 732 250 810 niss
272 756 367 812 cum
394 735 612 812 earundem
637 733 717 811 basi
745 735 934 813 cohaeret.
984 735 1167 815 Gemmis
1194 736 1428 838 compositis
1446 738 1557 828 solis,
1583 741 1624 818 dr
1652 759 1706 818 ne
1726 741 1790 819 his
1809 745 1891 838 qui-

182 865 271 941 dem
294 864 485 966 omnibus
515 866 722 962 competit,
748 864 788 939 dt
814 868 1038 959 generatim
1064 868 1134 943 vel
1160 864 1365 951 caducum,
1391 868 1462 944 vel
1486 869 1620 945 stabile
1646 869 1712 946 est.
1772 867 1889 946 coau-

183 1017 271 1077 cem,
296 991 392 1067 solis
421 993 591 1085 gemmis
616 989 750 1066 stridte
771 989 823 1064 lic
847 989 958 1066 distis
984 992 1225 1077 concellum,
1251 993 1451 1068 formatur
1477 1019 1532 1070 ex
1557 997 1728 1090 squamis
1756 995 1891 1073 herba·

182 1121 261 1193 ceis
287 1128 360 1192 aut
384 1121 592 1212 coracem,
617 1142 663 1193 ac
687 1119 831 1218 saepius
857 1117 1083 1212 glutinosis,
1112 1141 1204 1212 quae
1229 1120 1456 1196 constanter
1481 1122 1549 1195 sub
1575 1123 1694 1219 ipsam
1720 1140 1901 1218 gemmae¹

180 1244 510 1341 explicationem,
536 1248 604 1324 vel
629 1247 744 1323 brevi
769 1246 874 1344 post,
900 1245 1039 1342 sponte
1065 1244 1256 1319 defluunt.
1307 1243 1443 1325 Statili
1462 1257 1596 1323 autem
1617 1250 1890 1332 involucrum,

181 1367 326 1443 Bulbis
363 1374 572 1470 proprium
606 1372 680 1457 est,
720 1371 761 1447 δι
790 1395 846 1445 ex
872 1372 1042 1466 squamis
1075 1369 1210 1446 crassis
1240 1394 1285 1445 ac
1309 1371 1543 1449 succulentis
1568 1377 1892 1474 compaginatur,

181 1515 274 1588 quae
307 1493 386 1569 basi
421 1500 569 1572 carinae
599 1494 807 1573 arttissime
837 1497 1108 1572 adhaerent&
1134 1520 1224 1572 cum
1250 1499 1323 1575 hac
1349 1502 1390 1574 in
1415 1522 1538 1576 novae
1563 1503 1712 1600 plantae
1735 1510 1893 1601 partein

182 1623 371 1716 migrant
422 1622 674 1720 Quocunque
706 1632 840 1698 autem
874 1623 994 1698 modo
1028 1625 1238 1699 involucra
1270 1625 1309 1700 se
1338 1627 1376 1700 se
1409 1627 1596 1713 habeant,
1632 1629 1670 1703 id
1704 1628 1891 1702 omnibus

185 1771 418 1843 commune,
464 1751 573 1844 quod
603 1773 807 1844 nunquam
840 1749 1162 1847 conceptaculum
1202 1753 1375 1827 clausum
1416 1752 1608 1838 efficiant,
1648 1757 1754 1828 intra
1786 1752 1893 1848 quod

181 1896 340 1968 gemma
373 1875 553 1949 conclusa
583 1873 659 1960 lit,
698 1876 762 1951 sed
799 1877 907 1970 quod
937 1877 1164 1955 constanter
1194 1901 1242 1953 ea
1274 1888 1411 1978 parte,
1455 1900 1533 1973 qua
1573 1901 1681 1957 nova
1719 1880 1894 1979 prodibit

181 2001 336 2099 planta,
369 1999 565 2077 foramine
592 1999 658 2077 vel
683 2005 785 2076 rima
809 2001 947 2088 hient;
991 2003 1164 2099 &quod
1189 2006 1350 2105 plenam
1375 2004 1484 2082 suam
1508 2005 1681 2084 formam
1703 2027 1789 2081 non
1811 2008 1892 2083 adi·

182 2128 416 2225 piscantur,
440 2126 511 2202 nisa
536 2127 745 2227 postquam
769 2131 915 2204 carinae
939 2129 1086 2205 fabrica
1110 2129 1284 2206 absoluta
1308 2130 1376 2207 est„

279 2362 353 2438 Ex
375 2361 577 2442 succinita
608 2364 682 2439 hae
712 2362 965 2439 formationis
1005 2337 1255 2455 pemmarum
1295 2361 1571 2461 expositione,
1609 2367 1748 2463 sponte
1784 2387 1892 2440 nunc

182 2489 387 2584 sequentia
410 2489 547 2566 fluunt
577 2487 831 2566 consestaria:
866 2509 1013 2585 nempe
1037 2492 1076 2560 1⁰
1096 2489 1203 2581 quod
1235 2485 1392 2573 Natura
1416 2492 1457 2562 in
1485 2490 1753 2588 producendis
1779 2513 1891 2585 gem-

182 2616 280 2699 mis,
307 2617 465 2692 inverso
486 2617 677 2716 procedat
698 2617 839 2696 ordine
859 2615 907 2688 ab
929 2611 1015 2707 illo,
1040 2634 1159 2709 quem
1174 2617 1213 2688 in
1235 2614 1509 2690 construendis
1530 2625 1643 2690 tenet
1658 2616 1890 2692 seminibus:

180 2761 275 2815 nam
299 2743 342 2815 in
369 2740 470 2827 istis,
507 2747 683 2843 primum
705 2739 876 2817 medulla
900 2737 940 2817 dr
966 2740 1215 2837 postmodum
1240 2742 1409 2837 reliquae
1432 2763 1489 2816 ex
1515 2742 1657 2818 ordine
1681 2742 1890 2817 struuntur
1998 2818 1999 2821 ,

180 2876 321 2963 partes
347 2879 550 2955 externam
576 2881 618 2945 at
640 2872 681 2944 in
706 2870 793 2953 his,
827 2868 1054 2943 constanter
1077 2886 1220 2941 omnes
1244 2879 1380 2965 partes
1406 2877 1591 2944 externae
1615 2870 1729 2967 prius
1756 2868 1889 2943 elabo-

180 3001 283 3067 ratae
309 2993 656 3090 sunt,·antequam
682 2995 750 3070 vel
775 2996 983 3069 minimum
1008 2994 1244 3089 embryonis
1268 2971 1460 3091 appareat
1491 2993 1722 3088 vestigium:
1764 3015 1890 3088 quare

181 3116 288 3192 haud
313 3123 535 3216 incongrue
561 3120 734 3204 dixeris,
759 3119 1037 3197 formationem
1061 3141 1232 3215 gemmae
1258 3120 1310 3192 ibi
1335 3122 1526 3218 incipere,
1553 3120 1619 3193 ubi
1646 3120 1710 3193 illa
1732 3120 1891 3195 seminis

182 3244 334 3321 definit
386 3253 431 3319 2⁰
464 3249 572 3343 quod
601 3268 772 3341 gemmae
803 3246 995 3329 medulla,
1035 3245 1084 3320 s1t
1116 3268 1212 3346 pars
1246 3226 1414 3321 identi'ca
1449 3245 1637 3320 medullae
1671 3256 1889 3330 mammaea

182 3371 278 3447 dum
309 3382 453 3448 contra
484 3376 644 3451 seminis
677 3373 869 3454 medulla,
903 3393 988 3445 non
1018 3371 1135 3471 possit
1165 3394 1249 3446 non
1281 3369 1359 3444 else
1382 3369 1603 3479 ,novissima
1629 3370 1670 3447 dt
1694 3395 1718 3446 a
1748 3375 1889 3447 matris

181 3499 262 3574 suae
291 3496 590 3589 distindtillimm
623 3504 714 3600 quia
741 3500 779 3574 id
804 3520 886 3572 non
911 3504 1068 3571 tantum
1097 3500 1270 3573 ocularis
1295 3497 1412 3571 docet
1436 3493 1641 3595 inspectio,
1677 3498 1741 3573 sed
1770 3501 1889 3573 etiam

181 3628 275 3720 quia
307 3624 427 3698 cultae
451 3625 600 3723 plantae
629 3626 779 3708 semen,
817 3621 1020 3720 saepissime
1046 3624 1220 3698 sobolem
1253 3622 1395 3717 seram,
1429 3623 1469 3698 δι
1494 3623 1711 3719 hybridum
1736 3623 1887 3708 semen,

180 3753 338 3849 semper
364 3748 560 3828 diversam
586 3777 609 3827 a
637 3763 766 3828 matre
791 3751 858 3825 sua
882 3748 1066 3848 producit
1090 3750 1286 3847 plantam3
1311 3750 1423 3824 secus
1448 3757 1567 3841 atque
1593 3771 1769 3843 gemma,
1795 3772 1888 3843 quae

181 3874 487 3955 constantissime
514 3878 720 3955 identicarn
749 3880 889 3953 matris
915 3875 994 3949 suae
1013 3875 1201 3959 sormam,
1225 3897 1316 3949 cum
1331 3873 1422 3971 ipsis
1443 3875 1522 3949 suis
1538 3877 1668 3948 naevis
1685 3896 1728 3947 ac
1753 3874 1886 3948 defor-

182 4005 405 4089 nitatibus,
435 4026 510 4102 per
537 4005 678 4102 plures
705 4008 1007 4098 generationum
1038 4001 1161 4074 series
1186 3998 1417 4097 reproducit
1441 3999 1482 4075 &
1506 4010 1743 4098 perpetuat:
1782 4000 1887 4076 unde

182 4133 303 4205 etiarn
329 4124 438 4202 redte
463 4129 621 4223 quidam
645 4130 853 4222 dixerunt,
884 4151 966 4203 non
992 4148 1121 4204 novas
1147 4148 1221 4224 per
1247 4146 1447 4217 gemmam
1474 4124 1649 4223 plantas,
1689 4127 1754 4201 sed
1781 4148 1888 4219 nova

181 4255 381 4331 duntaxat
406 4262 595 4335 veteru!
617 4255 784 4353 produci
816 4254 1011 4395 exempla.
1062 4262 1103 4346 3⁰
1131 4254 1238 4349 qnod
1262 4257 1395 4327 omnis
1426 4272 1600 4346 gemma,
1631 4250 1774 4327 tunica
1790 4276 1888 4352 pro·

182 4385 300 4481 pria
302 4380 327 4456 s.
355 4376 456 4454 testa
486 4403 585 4456 vera
615 4389 749 4454 careat
778 4348 934 4476 atque
925 4378 1013 4478 ejus
1037 4384 1145 4464 loco,
1177 4403 1289 4454 mero
1315 4385 1485 4465 cortice,
1520 4381 1662 4457 vestita
1692 4381 1756 4465 srt;
1796 4383 1888 4476 quia

183 4527 375 4600 germen,
411 4525 495 4578 non
527 4529 582 4579 ex
607 4507 769 4581 miscela
791 4505 1038 4583 diversorum
1071 4505 1306 4588 fluidorum,
1337 4508 1394 4579 uti
1419 4505 1572 4600 semen,
1597 4507 1659 4581 sed
1686 4506 1889 4583 manifeste

183 4654 239 4705 ex
265 4631 347 4731 ipsa
371 4632 511 4705 matris
533 4631 706 4707 medulla
732 4634 873 4706 oritur.
923 4636 973 4724 4⁰
1001 4633 1108 4724 quod
1133 4636 1173 4705 in
1203 4633 1372 4726 gemmis
1397 4633 1554 4708 nullum
1578 4632 1762 4709 radiculae
1794 4657 1889 4732 pro-

185 4761 285 4857 priae
311 4767 405 4832 ante
436 4755 652 4832 earundem
677 4760 951 4835 evolutionem
981 4754 1107 4833 adesse
1131 4754 1249 4856 possit
1278 4755 1511 4849 vestigium3
1547 4762 1637 4853 quia
1673 4779 1815 4833 omnes
1846 4763 1889 4832 in

187 4887 327 4961 matris
370 4906 545 4986 corpore
577 4884 767 4983 ¹radicatae
801 4883 902 4959 sunt.
961 4864 1145 4978 denique*
1171 4888 1210 4976 50
1244 4882 1353 4977 quod
1383 4883 1634 4979 homogenea
1671 4884 1720 4958 s1t
1755 4886 1888 4959 omnis

1006 5009 1033 5084 b
1718 5029 1889 5105 gemmae
