4878 6064
1854 504 1942 559 CXV

225 713 410 801 guntur,
437 724 545 777 nunc
564 708 697 775 autem
720 701 867 796 cinguli
884 699 1054 777 adinstar
1083 709 1214 777 totum
1245 700 1424 778 ambiunt
1450 703 1601 781 semen:
1637 710 1744 782 utin
1771 708 1942 785 Dolicho

233 845 355 909 nirenta
369 841 411 905 et
424 831 522 904 aliis.
549 823 627 904 Sed
649 826 699 902 de
711 829 775 901 lris
790 827 923 900 fasciis
941 850 1039 901 mox
1053 827 1180 903 sermo
1198 830 1297 909 erit,
1323 850 1413 902 cum
1439 830 1487 905 de
1504 831 1689 906 umbilico
1711 837 1870 911 interno
1885 837 1942 910 di-

237 978 398 1039 cemus,
425 950 538 1050 cujus
561 956 709 1053 quippe
729 953 858 1028 sedem
884 953 1120 1051 plerumque
1143 954 1351 1055 indigitare
1372 951 1509 1029 solent

339 1170 405 1246 Ab
443 1166 628 1242 umbilico
661 1175 864 1247 externo,
913 1161 1071 1236 definiri
1112 1165 1270 1240 seminis
1309 1171 1519 1261 regiones,
1562 1166 1600 1241 a<
1629 1193 1684 1242 ex
1721 1165 1809 1265 ejus
1843 1170 1944 1256 litu',

238 1296 444 1393 dijudicari
458 1316 619 1388 quoque
632 1290 747 1364 litum
759 1291 931 1388 partium
944 1291 1203 1373 internarum,
1219 1293 1337 1367 modo
1350 1297 1562 1367 innuimus.
1584 1294 1944 1395 Regionesnempe

239 1428 281 1496 in
297 1424 442 1497 semine
460 1421 682 1514 generatim
705 1419 881 1511 quinque
897 1413 1208 1508 distinguuntur:
1236 1418 1335 1494 basis
1355 1418 1429 1493 scil.
1446 1430 1613 1505 vertex,
1642 1422 1821 1505 dorsum,
1847 1444 1943 1498 ven·

237 1560 305 1623 ter
331 1557 449 1640 atque
472 1546 608 1620 latera.
660 1544 704 1617 In
733 1540 943 1616 seminibus
968 1543 1122 1634 itaque,
1159 1569 1182 1617 e
1211 1550 1432 1643 pericarpio
1458 1549 1649 1631 exemtis,
1675 1545 1761 1651 bnfis
1787 1548 1943 1646 semper

239 1674 309 1746 illa
328 1672 472 1745 dicitur
489 1672 649 1745 seminis
663 1671 924 1750 extremitas,
953 1669 1091 1761 inqua
1117 1672 1326 1745 umbilicus
1346 1675 1502 1746 locatus
1522 1672 1594 1756 est,
1619 1676 1678 1746 uti
1704 1683 1844 1748 contra
1869 1697 1942 1747 ver·

238 1811 304 1895 tea
322 1796 544 1896 appellatur
563 1798 675 1889 regio
691 1796 819 1893 priori
832 1789 979 1869 directe
995 1794 1172 1893 opposita
1182 1784 1200 1878 ς’
1219 1808 1338 1892 atque
1352 1799 1439 1873 haec
1462 1801 1729 1874 denominatio
1751 1803 1790 1873 in
1815 1799 1942 1873 omni·

238 1927 317 2000 bus
332 1922 542 1997 seminibus
560 1919 1044 2017 oblongis&subglob0lis
1058 1921 1188 1996 locum
1203 1923 1329 2000 habet.
1381 1926 1550 2021 Quando
1571 1935 1703 2001 autem
1717 1921 1942 2012 umbilicus
2073 1934 2078 1951 '

239 2050 372 2129 medio
395 2052 500 2122 inter
520 2051 800 2122 extremitates
819 2045 930 2129 loco,
957 2046 1083 2121 vel&
1106 2050 1146 2120 ln
1168 2051 1329 2125 rotundi
1353 2050 1393 2125 δι
1419 2049 1755 2150 compreffiusculi
1784 2051 1942 2124 seminis

238 2177 420 2269 margine
435 2173 587 2273 politus
602 2174 678 2258 est3
703 2183 800 2245 tunc
828 2172 905 2270 ipsa
926 2172 990 2245 illa
1018 2175 1145 2267 regio,
1172 2185 1304 2257 venter,
1340 2178 1465 2250 altera
1489 2177 1614 2252 eidem
1640 2175 1836 2273 opposita,
1862 2173 1942 2249 dor-

227 2284 336 2402 sum,
360 2301 400 2375 &
420 2301 605 2394 reliquae,
632 2295 744 2373 latera
767 2309 975 2373 vocantur.
1026 2296 1073 2370 In
1103 2299 1311 2373 seminibus
1328 2314 1459 2377 autem
1481 2306 1704 2402 pericarpio
1729 2299 1942 2383 conclusis,

239 2429 348 2502 latus
368 2448 508 2500 eorum
526 2427 593 2499 axi
616 2427 817 2499 communi
840 2426 1092 2516 contiguum,
1123 2424 1277 2522 semper
1303 2431 1476 2512 ventris,
1503 2430 1802 2502 &extremitas
1831 2425 1942 2522 supe·

239 2556 347 2639 rior,
372 2553 526 2649 semper
547 2554 668 2649 apicis
686 2573 833 2625 nomen
853 2551 987 2633 habet,
1013 2547 1160 2622 etiamsi
1182 2551 1219 2623 in
1239 2550 1311 2623 hac
1326 2553 1535 2627 umbilicus
1550 2552 1787 2626 constitutus
1806 2548 1941 2621 suerit.

237 2677 435 2780 Respettu
448 2680 621 2775 partium
638 2680 906 2760 internarum,
931 2676 970 2749 &
982 2674 1175 2769 sigillatim
1191 2677 1443 2774 embryonis,
1469 2678 1565 2753 fitus
1579 2676 1750 2750 umbilici
1769 2673 1941 2767 quadru-

239 2806 424 2907 plexest:
452 2799 630 2901 obversus,
655 2803 812 2898 quando
829 2803 1064 2897 embryonis
1091 2800 1282 2885 radicula,
1313 2816 1544 2902 aperturam
1563 2802 1739 2877 umbilici
1767 2800 1940 2898 respicit:

240 2936 284 3006 in
301 2929 565 3029 Compositis3
587 2931 781 3029 oppnfitur,
812 2928 952 3012 fiilla,
989 2927 1123 3000 huice
1148 2928 1342 3004 diametro
1372 2929 1551 3028 oppolita
1571 2927 1647 3003 est:
1673 2930 1711 3000 in
1732 2921 1941 3008 Colchico;

239 3058 457 3149 contrarias,
484 3079 572 3129 cum
596 3056 807 3129 umbilicus
830 3078 851 3131 e
871 3057 1037 3147 regione
1059 3053 1174 3126 medii
1191 3058 1425 3152 embryonis
1439 3057 1539 3153 scapi
1563 3057 1745 3153 ponitur:
1773 3053 1810 3123 in
1828 3048 1942 3124 Plan-

235 3178 395 3276 'tagine3
421 3181 460 3256 δι
475 3181 609 3266 devius,
637 3203 725 3256 cum
741 3181 948 3256 umbilicus
970 3183 1009 3252 in
1030 3181 1118 3263 axi,
1143 3182 1312 3277 embryo
1337 3191 1470 3256 autem
1492 3179 1795 3255 horizontallter
1810 3179 1855 3253 ad
1872 3201 1942 3277 pe-

240 3309 457 3407 ripheriam
472 3309 629 3382 seminis
651 3308 867 3381 collocatus
887 3307 961 3382 est:
990 3310 1028 3378 in
1050 3304 1254 3381 Phoenice.

342 3515 501 3593 laternas
520 3518 689 3610 denique
712 3518 919 3591 umbilicus
946 3517 1002 3593 est
1027 3515 1123 3589 illud
1147 3514 1363 3614 punctum,
1393 3520 1433 3591 in
1458 3538 1538 3611 quo
1559 3514 1762 3592 funiculus
1789 3514 1942 3591 umbili-

240 3644 358 3726 calis,
380 3653 450 3716 aut
473 3643 660 3717 vasorum
687 3646 949 3718 nutrientium
971 3641 1175 3717 fasciculus
1196 3643 1374 3740 propriae
1388 3642 1518 3715 nuclei
1539 3644 1782 3718 membranae
1806 3644 1942 3717 inseri-

240 3786 323 3846 tur.
373 3767 593 3867 Saepissime
616 3768 652 3841 id
669 3765 857 3866 punitum
876 3791 965 3841 curn
986 3766 1171 3839 umbilico
1199 3776 1373 3839 externo
1394 3766 1599 3849 coincidit;
1631 3768 1697 3841 sed
1716 3768 1821 3842 haud
1846 3790 1941 3842 raro

241 3921 424 3994 quoque,
451 3893 654 3969 funiculus
674 3894 927 3984 umbilicalis,
952 3890 1157 3990 postquam
1179 3890 1337 3965 seminis
1361 3889 1498 3965 testam
1521 3889 1714 3984 ingressus
1735 3892 1814 3988 est,
1837 3896 1941 3970 ulte·

239 4028 332 4100 rius
347 4027 491 4117 migrat
509 4020 549 4094 δι
564 4021 802 4117 plerumque
825 4023 864 4092 in
888 4016 1064 4116 opposita
1093 4014 1223 4088 nuclei
1241 4015 1497 4089 extremitate
1517 4017 1775 4104 terminatur,
1812 4020 1943 4114 ibique

241 4152 468 4226 umbilicum
485 4150 687 4220 internum
705 4146 869 4238 format,
901 4148 987 4240 qui,
1010 4163 1117 4217 nunc
1137 4141 1285 4214 areolae
1309 4140 1518 4223 coloratae,
1543 4160 1650 4249 nunc
1670 4146 1786 4243 parvi
1806 4148 1942 4222 tuber-

240 4279 322 4352 culi
338 4277 466 4352 callofi
490 4275 615 4371 specie
635 4293 853 4369 apparens,
881 4272 1047 4369 proprio
1068 4264 1234 4345 claram
1254 4267 1416 4340 nomine
1433 4268 1549 4341 nobis
1569 4272 1695 4344 venit
1743 4271 1789 4346 In
1806 4275 1944 4349 multis
1971 4262 1974 4266 “

241 4403 455 4479 seminibus
469 4401 555 4473 haec
570 4398 716 4473 fabrica
734 4397 887 4473 nonnisi
911 4394 998 4494 post
1013 4391 1210 4468 excussam
1232 4392 1368 4469 testam
1391 4395 1430 4466 in
1448 4392 1698 4493 conspetlunr
1721 4401 1853 4483 venit;
1879 4400 1943 4475 sed

242 4534 285 4603 in
299 4529 385 4602 aliis
399 4525 500 4600 haud
516 4528 665 4622 paucis,
692 4520 778 4619 ejus
797 4523 957 4615 vestigia
974 4520 1040 4597 vel
1059 4523 1096 4592 in
1114 4519 1191 4616 ipsa
1208 4518 1415 4616 superficie
1427 4529 1601 4595 externa
1611 4535 1822 4619 apparent,
1848 4525 1941 4603 dum

240 4653 319 4731 scil.
341 4657 378 4727 in
399 4676 444 4729 ea
468 4652 645 4733 sasciam,
670 4648 843 4733 sulcum,
870 4660 940 4722 aut
966 4646 1110 4722 costam
1134 4646 1412 4744 conspicimus,
1444 4667 1535 4741 quae
1557 4646 1603 4718 ab
1621 4658 1793 4724 externo
1815 4652 1941 4727 umbi-

239 4782 321 4857 lico
336 4779 519 4861 oriunda,
547 4780 585 4849 in
606 4777 824 4874 oppofitam
839 4776 995 4850 seminis
1015 4773 1171 4871 plagam
1186 4772 1361 4848 decurrit
1383 4769 1597 4866 &semper
1619 4773 1666 4849 ad
1692 4776 1862 4853 chalazae
1883 4780 1940 4854 se-

239 4909 337 4984 dem
357 4908 604 4983 terminatur.
653 4898 864 4997 Ejusmodi
886 4899 1018 5001 questa,
1042 4908 1088 4973 ut
1108 4899 1156 4971 ab
1181 4898 1268 4973 aliis
1292 4898 1409 4973 sulcis
1434 4907 1504 4971 aut
1529 4896 1635 4973 striis
1661 4899 1939 4999 distinguatur,

1055 5046 1084 5122 P
1108 5041 1131 5095 Β
1796 5024 1941 5127 alapae
