4852 6062
519 498 615 571 L'xrr
1229 525 1532 575 ξιξ-,-

520 733 751 829 supernatet
769 734 888 818 atque
907 724 1061 800 nullum
1085 730 1247 824 penitus
1273 747 1425 800 nexum
1448 747 1580 817 neque
1605 748 1693 799 cum
1721 727 1848 801 ovulo
1866 724 1961 831 suo,
1988 744 2117 820 neque
2142 748 2227 800 cum

521 869 650 932 matre
676 852 809 951 planta
836 852 988 930 habeat,
1039 853 1147 926 Hinc
1170 877 1289 926 omne
1321 855 1611 925 nutrimentum
1638 853 1750 926 suum
1775 876 1797 925 a
1823 853 1904 926 solo
1933 854 2072 952 accipit
2096 851 2229 926 Amuli

521 987 705 1079 liquore,
735 983 773 1051 in
793 999 933 1071 quem,
960 981 1188 1063 crescendo,
1215 980 1263 1054 de
1288 979 1349 1053 die
1374 981 1411 1050 in
1436 979 1538 1051 diem
1568 980 1687 1052 altius
1715 981 1990 1073 immergitur3
2027 1003 2075 1053 ea
2101 986 2229 1057 tamen

521 1108 714 1185 constanti
737 1104 848 1197 lege,
881 1112 928 1177 ut
952 1128 1046 1204 pars
1079 1107 1340 1202 embryonis,
1367 1128 1458 1198 quae
1483 1106 1578 1178 olim
1608 1110 1646 1178 in
1679 1105 1893 1180 radiculam
1919 1106 2056 1190 abibit,
2092 1106 2229 1178 versus

521 1234 809 1336 peripheriam‚
836 1231 961 1305 altera
984 1256 1112 1315 vero,
1145 1233 1251 1307 unde
1273 1233 1367 1305 folia
1392 1231 1628 1330 prodibunt,
1655 1234 1799 1308 versus
1826 1235 2018 1307 interiora
2040 1232 2151 1313 ovuli
2179 1231 2230 1302 di-

523 1359 632 1435 recta
647 1359 706 1436 lit.
760 1357 863 1431 Haec
889 1360 1058 1432 interior
1079 1382 1174 1456 pars
1194 1370 1238 1431 ut
1254 1359 1471 1456 plurimum
1485 1357 1648 1431 crassior
1661 1359 1737 1442 est,
1764 1359 1803 1434 &
1825 1369 2006 1443 mature,
2034 1361 2072 1431 in
2089 1358 2229 1455 pleris-

525 1512 604 1584 que
626 1484 858 1567 seminibus,
885 1485 924 1556 in
951 1483 1109 1579 lobulos
1129 1486 1313 1568 dehiscit,
1339 1487 1407 1578 qui
1436 1483 1737 1580 Cotyledonum
1769 1489 1932 1559 nomine
1958 1488 2148 1567 veniunt,
2175 1493 2231 1555 at-

522 1638 602 1710 que
621 1615 809 1711 princeps
828 1610 918 1683 sunt
941 1612 1177 1706 embryonis
1199 1610 1355 1684 officina
1374 1602 1683 1686 nutrimentitia:
1710 1614 1863 1687 obortis
1894 1612 2000 1685 enim
2025 1610 2144 1685 semel
2163 1632 2227 1680 co-

522 1740 801 1838 tyledonibns,
829 1760 920 1832 quae
940 1739 979 1810 in
998 1737 1207 1812 novissimo
1227 1737 1450 1831 embryone
1476 1739 1738 1835 utplurimum
1765 1741 1992 1815 divaricatae
2007 1739 2085 1829 (r.)
2104 1734 2144 1808 ὃ(
2164 1757 2229 1831 pa-

522 1863 748 1944 tentiffimae
762 1864 868 1948 sunt,
894 1863 1022 1938 statim
1037 1885 1198 1957 quoque
1219 1865 1295 1962 ipse
1315 1864 1509 1939 celeriora
1526 1868 1629 1963 capit
1645 1868 1907 1950 incrementa3
1935 1863 2116 1938 Chorion
2130 1884 2231 1936 vero

525 1994 641 2067 brevi
659 1990 902 2064 exhauritur
927 1999 1078 2072 totum,
1102 1990 1140 2064 δι
1165 1989 1341 2066 Amnius
1366 1995 1614 2065 imminuitur
1632 2002 1701 2065 aut
1726 1993 1900 2077 deletur,
1924 1991 1964 2065 ὃ(
1990 2014 2099 2065 nova
2123 1990 2233 2088 plan-

523 2118 625 2202 tula,
653 2120 757 2190 intra
772 2120 841 2194 ovi
856 2136 1056 2200 carceres,
1083 2116 1219 2191 seusun
1236 2120 1274 2191 in
1289 2115 1433 2214 justam
1446 2121 1554 2194 suam
1572 2122 1718 2213 migrat
1732 2120 1921 2202 formam,
1947 2128 2067 2211 atque
2084 2116 2136 2191 lic
2151 2123 2234 2190 tota

523 2246 683 2321 seminis
705 2246 795 2318 veri
818 2245 1040 2337 integratur
1064 2242 1220 2318 fabrica.

622 2458 726 2532 Haec
744 2457 833 2529 sunt
852 2457 1054 2553 praecipua
1077 2455 1364 2553 phaenomena,
1392 2477 1483 2550 quae
1507 2456 1841 2533 foecundationem
1869 2459 2066 2538 comitari,
2095 2476 2236 2529 eamve

523 2587 712 2683 proxime
749 2582 897 2675 insequi
922 2582 1052 2655 solent
1077 2593 1159 2655 tam
1186 2586 1225 2655 in
1253 2581 1577 2681 perfedtioribus,
1607 2607 1725 2679 quam
1760 2589 1798 2658 in
1820 2585 2042 2684 aphroditis
2066 2583 2235 2681 plantis:

527 2734 615 2785 nam
635 2712 674 2785 ὃ(
698 2713 735 2782 in
751 2710 813 2783 his
829 2707 941 2805 ipsis,
967 2708 1121 2781 nonnisi
1139 2709 1227 2806 post
1244 2710 1496 2807 praegressam
1513 2711 1863 2806 saecundationem,
1894 2713 2112 2812 epidermis
2128 2709 2238 2786 ovuli

527 2841 566 2910 in
583 2862 722 2914 veram
736 2836 894 2908 seminis
915 2838 1091 2909 vertitur
1108 2836 1267 2916 testam,
1294 2835 1333 2909 δι
1354 2837 1547 2933 pellucida
1566 2832 1653 2932 ejus
1675 2840 1842 2938 lympha
1859 2842 1899 2911 in
1927 2863 2095 2938 opacum
2118 2839 2237 2910 dura-

525 2974 594 3037 tur
608 2963 816 3045 nucleum,
842 2961 881 3034 &
895 2957 1084 3058 punctum
1100 2963 1317 3038 medullare
1342 2963 1487 3038 vivum
1508 2987 1636 3064 prope
1660 2967 1816 3039 interna
1836 2965 2009 3040 umbilici
2032 2965 2132 3041 ostia
2153 2963 2239 3037 sub-

527 3090 715 3164 nascitur:
742 3087 853 3162 srcuti
873 3072 960 3162 haec
976 3091 1108 3163 omnia
1124 3092 1162 3163 in
1187 3086 1493 3188 persestioribus
1514 3113 1674 3186 quoque
1694 3095 1841 3191 plantis
1863 3097 2027 3170 evenire
2045 3072 2238 3170 vidimus.

526 3214 586 3289 At
602 3214 726 3312 probe
746 3215 986 3299 notandum,
1012 3217 1119 3310 quod
1142 3238 1223 3289 non
1255 3237 1396 3291 omnes
1417 3220 1522 3290 uteri
1543 3220 1784 3292 mutationes
1807 3219 1959 3318 semper
1979 3246 2000 3295 a
2022 3222 2107 3296 solo
2132 3220 2239 3317 sper·

525 3354 631 3419 mate
658 3342 984 3441 proficiscantur,
1010 3365 1084 3417 nec
1111 3342 1357 3417 foecundatio
1379 3344 1533 3442 semper
1557 3345 1700 3438 aequali
1727 3345 1845 3419 modo
1874 3349 1911 3419 in
1940 3369 2082 3423 omncs
2109 3344 2240 3420 ovarii

525 3481 662 3569 partes
685 3480 808 3562 agate
820 3470 884 3545 sed
901 3469 1007 3564 quod
1025 3469 1112 3544 haec
1132 3470 1538 3563 interdumquasdam
1558 3472 1691 3548 saltem
1709 3485 1845 3572 partes
1858 3474 2022 3557 afficiat,
2049 3476 2149 3549 alias
2167 3496 2240 3547 ve·
2269 3544 2275 3554 .

525 3621 574 3671 ro
591 3597 798 3701 relinquat
806 3592 990 3680 intestam
1017 3595 1178 3690 &quod
1195 3595 1288 3669 solae
1306 3618 1594 3691 nonnunquam
1615 3603 1712 3674 vitae
1730 3603 1861 3693 vires,
1887 3602 1925 3674 in
1948 3606 2137 3676 externis
2160 3609 2241 3675 ute·

525 3729 560 3800 ri
587 3725 785 3824 partibus,
812 3721 947 3796 scenas
967 3722 1127 3805 ludant,
1161 3724 1446 3798 soecundationi
1461 3748 1656 3822 perquam
1678 3726 1842 3803 similes:
1868 3728 1973 3802 unde
1997 3729 2066 3803 vel
2089 3729 2241 3827 spuria,

525 3853 696 3946 emergit
717 3849 786 3925 vel
813 3849 1054 3947 incompleta
1088 3847 1359 3939 foecundati03
1398 3850 1447 3925 de
1476 3854 1621 3946 quibus
1646 3853 1773 3929 adhuc
1807 3852 2043 3933 brevissunis
2075 3857 2158 3930 erit
2185 3852 2242 3927 di-

525 3979 706 4056 cendum.

625 4155 894 4236 Foecundatio
918 4180 1064 4258 nempe
1076 4158 1204 4259 spuria
1235 4184 1258 4234 a
1282 4161 1374 4236 solis
1399 4172 1593 4261 operatur
1617 4167 1716 4240 vitae
1739 4168 1920 4262 viribuS,
1946 4168 2039 4242 dum
2060 4167 2142 4241 scil.
2166 4164 2244 4238 illae

524 4293 616 4367 satis
634 4290 791 4380 largum
811 4286 952 4359 orario
977 4286 1197 4382 suggerunt
1212 4291 1527 4371 nutrimentum,
1552 4302 1600 4365 ut
1615 4291 1651 4366 id
1673 4295 1930 4389 grandescere
1946 4294 2110 4389 quidem
2131 4293 2246 4368 &to-

525 4428 567 4492 ta
583 4416 649 4491 sua
670 4413 768 4488 sacie
785 4424 974 4497 externa,
999 4415 1077 4489 rite
1102 4414 1333 4489 foecundato
1354 4415 1593 4493 simillimum
1613 4419 1703 4494 fieri
1727 4432 1867 4515 queat,
1900 4421 1963 4495 sed
1995 4424 2109 4495 intus
2132 4420 2245 4494 omni

527 4543 744 4620 ovulorum
762 4540 947 4635 vestigio,
975 4540 1044 4615 vel
1059 4540 1192 4617 saltem
1211 4545 1321 4617 omni
1335 4542 1494 4619 seminis
1516 4543 1692 4623 soecundi
1710 4547 1918 4623 simulacro
1931 4544 2170 4623 destitutum
2185 4546 2243 4621 lit

525 4648 738 4767 Ejusmodi
762 4667 892 4765 spuria
908 4666 1154 4742 foecundatio
1175 4691 1258 4744 non
1280 4670 1515 4766 infrequens
1531 4672 1589 4747 est
1604 4676 1643 4747 in
1658 4672 1852 4750 frustibus
1873 4676 2059 4749 mollibus
2082 4675 2125 4749 δι
2153 4675 2246 4748 bac·

525 4801 646 4884 catis,
671 4806 718 4872 ut
738 4792 884 4878 Musae,
909 4792 1034 4879 Vitis,
1060 4792 1203 4870 Tamni
1224 4799 1361 4874 rubrae
1388 4799 1548 4875 feminae
1570 4800 1642 4875 &o
1666 4795 1783 4895 cujus
1803 4801 2037 4899 posterioris
2065 4801 2244 4902 praeser-

2171 4924 2244 5000 tim

500 5132 504 5139 ·
568 5096 614 5177 r.)
638 5095 672 5158 M
680 5104 864 5159 Attiou.
886 5096 944 5177 Op.
967 5110 1104 5177 omnp.
1127 5109 1171 5172 τι.
1193 5094 1347 5160 Ιιὶοιιῑίδιιι
1369 5092 1423 5158 alit
1444 5098 1540 5161 amnti
1555 5095 1757 5161 summitatem
1780 5093 1980 5182 amplexatur.
