4878 6064
897 522 1202 556 ⁸¹⁸⁸—-
1775 523 1900 578 CXVII

197 717 391 797 frnffibus
412 714 656 816 conjugatis:
679 726 785 800 utin
804 724 1032 808 Helidtere,
1058 723 1230 821 Nigella,
1257 722 1508 800 Helleboro:v
1524 723 1617 801 Alia
1641 749 1741 807 vero
1766 732 1899 807 diver·

199 847 375 944 gentias.
396 845 617 942 cartafago,
649 851 806 943 quando
829 851 1000 928 umbilici
1025 852 1293 950 peripheriam
1308 850 1463 927 fruitus
1478 850 1668 949 spectant:
1694 867 1740 932 ut
1760 861 1800 932 in
1818 858 1900 935 Cu-

198 976 433 1057 curbitaceis
447 984 490 1048 et
511 972 728 1069 Siliquofis.

302 1158 433 1239 Situm
454 1158 673 1235 naturalem
689 1159 926 1256 quandoque
949 1183 1025 1259 per
1040 1163 1308 1237 maturitatem
1332 1160 1487 1238 fruitus
1511 1171 1674 1251 mutari,
1701 1169 1900 1267 exemplis

198 1295 318 1391 supra
334 1285 586 1365 ostendimus.
638 1282 719 1360 Sed
735 1286 823 1361 heic
847 1287 961 1360 aliam
979 1289 1205 1361 notabimus
1232 1291 1272 1360 in
1297 1287 1699 1390 fitudiscrepantiam‚
1740 1296 1899 1389 quando

197 1415 391 1490 seminum
406 1432 627 1496 numerus,
648 1415 688 1485 in
713 1412 888 1497 duabus,
913 1407 1087 1508 ejusdem
1115 1417 1281 1506 generis
1303 1416 1517 1500 naturalis,
1543 1420 1743 1517 speciebus
1767 1421 1899 1498 diver·

196 1539 273 1622 lis,
300 1539 480 1613 diversus
491 1539 564 1633 est,
590 1550 636 1613 ut
651 1542 692 1611 in
703 1538 961 1633 Plantaginea
982 1549 1078 1612 tunc
1088 1542 1194 1614 enim
1207 1541 1399 1617 seminum
1414 1565 1573 1637 quoque
1585 1543 1705 1627 situs,
1723 1545 1900 1639 aliquan-

197 1674 287 1739 tum
309 1666 492 1741 diversus
512 1665 588 1740 else
602 1667 709 1741 solet.
759 1663 820 1738 At
835 1667 943 1740 casus
959 1666 1016 1740 isti
1031 1665 1120 1740 sunt
1132 1669 1329 1756 rariores;
1354 1680 1397 1743 et
1414 1671 1635 1764 generatim
1649 1669 1696 1742 de
1710 1671 1900 1747 seminum

197 1792 276 1866 fitu
299 1796 337 1864 in
354 1789 627 1867 loculamentis
647 1792 930 1890 polyspermis‚
956 1792 991 1866 id
1012 1794 1229 1868 notandum
1248 1793 1327 1878 est,
1352 1794 1459 1889 quod
1482 1794 1548 1867 ille
1570 1798 1609 1867 in
1627 1795 1712 1878 his,
1739 1817 1820 1869 non
1840 1800 1900 1870 ni-

197 1924 278 1995 mis
294 1918 470 2013 rigorose
485 1917 716 2002 sumendus,
739 1919 802 1992 sed
824 1920 962 2016 potius
979 1919 1026 1992 ad
1044 1918 1159 1994 fitum
1188 1919 1425 2019 receptaculi
1448 1922 1671 1996 communis
1691 1923 1901 2019 respicien-

198 2047 317 2129 dum,
339 2067 384 2119 et
402 2069 522 2119 exeo
541 2045 734 2118 seminum
751 2042 849 2117 litus
866 2039 1135 2139 dijudicandus
1150 2044 1206 2119 tit.

299 2227 454 2322 Figura
472 2231 510 2301 in
528 2228 743 2303 seminibus
758 2225 856 2301 adeo
877 2229 1088 2326 multiplex
1102 2237 1221 2323 atque
1242 2232 1355 2305 varia
1382 2231 1456 2315 est,
1480 2239 1528 2304 ut
1553 2229 1708 2303 nonnili
1734 2254 1900 2325 genera-

195 2352 361 2429 lissimas
376 2349 462 2449 ejus
485 2354 781 2452 discrepantias,
812 2361 881 2426 aut
900 2375 992 2449 quae
1012 2357 1188 2452 propriis
1208 2357 1435 2432 nominibus
1460 2355 1654 2450 iofignitaa
1677 2355 1792 2439 lunt,
1814 2359 1902 2431 heio

196 2481 375 2555 indicare
391 2482 522 2556 liceat.

301 2666 439 2757 Orata,
465 2667 644 2739 omnium
664 2661 755 2737 funt
772 2660 1050 2757 vulgatissima,
1077 2666 1299 2762 praesertim
1324 2687 1393 2748 ea,
1420 2686 1511 2758 quae
1531 2665 1656 2737 altera
1673 2648 1739 2738 lira
1761 2677 1900 2740 extre·

196 2795 357 2883 mitate,
383 2787 599 2874 maritata,
623 2791 662 2861 in
678 2810 910 2864 mucronem
931 2789 1113 2865 definunt
1135 2802 1177 2865 et
1197 2792 1389 2883 lacrymae
1413 2791 1624 2887 pendentis
1643 2790 1818 2863 formam
1836 2791 1901 2862 ba-

195 2922 316 3003 bent,
341 2939 469 3012 quare
485 2930 527 2990 et
552 2912 756 3012 dacryoidra
778 2916 969 3011 appellari
990 2915 1165 3012 pollent:
1188 2927 1234 2989 ut
1257 2919 1297 2987 in
1318 2914 1450 3010 Pyro,
1476 2914 1706 3011 Amygdalo
1719 2924 1762 2987 et
1785 2918 1901 2988 innu-

196 3048 326 3121 meris
342 3045 447 3125 aliis3
472 3042 669 3135 regularis
694 3050 826 3114 autem
847 3040 976 3114 forma
1004 3043 1190 3127 ovoidea,
1217 3051 1354 3127 ovata,
1380 3055 1450 3116 aut
1468 3040 1657 3137 elliptica,
1683 3044 1815 3114 rarior
1827 3040 1902 3125 est;
2045 3054 2051 3065 '

197 3182 243 3245 et
266 3193 387 3267 pauca
409 3189 570 3263 quoque
589 3167 734 3242 dantur
749 3165 897 3241 semina
924 3165 1261 3243 dimidiato-ovata:
1289 3182 1335 3245 ut
1354 3172 1394 3244 in
1409 3167 1550 3245 Coffea
1569 3175 1610 3241 et
1629 3164 1902 3242 Umbellileris

197 3295 419 3373 nonnullis
699 3295 703 3305 '

302 3475 474 3592 Globoffi,
498 3497 578 3551 non
593 3485 750 3550 tantum
772 3480 905 3551 omnia
929 3476 1067 3554 exarte
1088 3479 1295 3577 sphaerica,
1328 3497 1419 3571 quae
1445 3478 1624 3573 apprime
1649 3499 1757 3572 rara,
1781 3477 1850 3556 sed
1861 3486 1908 3553 et

196 3610 278 3682 alia
302 3609 434 3680 omnia
451 3603 656 3687 dicuntur,
681 3626 875 3697 quaecum
888 3607 1049 3678 notabili
1069 3603 1258 3687 crailitie,
1285 3601 1541 3676 rotunditatis
1556 3603 1720 3699 speciem
1740 3605 1910 3679 habenta

196 3746 318 3810 etex
341 3732 405 3806 his
431 3727 693 3824 vulgatiffima
715 3729 838 3811 sunt„
849 3726 1080 3829 subgloboso3
1107 3730 1298 3805 rariffima
1318 3737 1451 3800 autem
1471 3723 1743 3825 hemisphaerica

302 3942 492 4042 Oblongm.
511 3946 653 4038 quibus
671 3951 714 4015 et
732 3940 893 4022 teretia,
925 3940 1159 4034 cylindrica‚
1184 3938 1419 4020 fufiiormi'a,
1444 3937 1671 4033 pri'smatica
1692 3945 1734 4010 et
1754 3937 1899 4012 rostra.

194 4086 238 4149 ta
273 4083 588 4147 annumerantur
602 4123 621 4155 ,.
658 4072 698 4142 in
729 4066 1010 4163 Graminibus,
1049 4064 1319 4166 Compofitis,.
1352 4061 1631 4138 Umbelliferis
1648 4071 1721 4138 etc.
1756 4064 1902 4162 saepius

196 4210 441 4274 occurrunt.

276 4378 544 4480 ‚Ronrsormiin
570 4389 617 4454 ct
632 4379 796 4474 quidem·
805 4378 1125 4453 extremitatibus
1146 4377 1241 4467 luis,
1268 4375 1335 4448 vel
1353 4371 1589 4468 aequalibus,
1613 4372 1688 4449 vei
1704 4371 1900 4468 inaequali·

193 4509 301 4588 lius,
335 4507 544 4580 admodum
574 4505 777 4581 familiaria
807 4507 896 4580 sunt
922 4499 1220 4599 Leguminofis,
1259 4498 1500 4582 Maliacus,
1525 4498 1791 4596 Lychnidos,
1824 4497 1900 4577 so»

193 4635 404 4727 lanaceis.‚.
420 4631 642 4709 Alsmaceis
663 4644 705 4707 et
723 4633 809 4708 aliis
826 4634 957 4708 variis.

301 4815 540 4894 Lenticularia
566 4826 608 4892 et
629 4820 688 4894 eis
708 4818 839 4892 affinia
859 4813 1070 4899 orbiculata,
1095 4834 1178 4887 non
1200 4811 1317 4888 val'd'e
1337 4808 1558 4905 frequentia
1578 4810 1688 4886 sunt:
1720 4814 1901 4907 utrisque

191 4946 501 5022 circumcaesura
528 4924 598 5022 est'
615 4945 856 5045 rotunditati¹
869 4946 1057 5043 proxima
1069 4967 1088 5027 ε’
1112 4940 1180 5017 sed
1208 4936 1454 5015 lenticularia·
1481 4938 1670 5032 utrinque
1696 4959 1900 5018 convexa,

1782 5068 1900 5135 acuto
