4852 6062
510 481 638 533 Lxxx
1214 486 1522 518 1-1-

504 699 566 771 nit
589 699 625 770 in
649 693 827 776 censum,
850 686 923 765 nifi
939 688 980 761 in
994 689 1123 762 baccis
1145 687 1390 764 succulentis.
1440 691 1486 764 In
1503 668 1651 765 cortice
1675 696 1812 763 autem
1833 668 1968 761 notari
1987 696 2217 777 merentur,

504 818 593 917 ejus
615 820 879 902 oonfistentia,
907 835 1042 890 nexus
1057 824 1177 909 atque
1200 814 1345 890 fabrica
1359 821 1535 917 propria.

603 1037 777 1117 corticis
791 1031 1057 1139 consistentia,
1083 1030 1264 1128 respectu
1282 1034 1455 1130 partium
1476 1036 1724 1108 internarum
1743 1030 1926 1113 fructus,
1951 1032 2103 1130 triplex
2131 1032 2211 1110 est:

504 1140 594 1243 Aut
612 1166 715 1239 enim
734 1160 893 1236 mollior
911 1168 1076 1240 cortex,
1101 1156 1306 1232 duriorem
1319 1162 1460 1255 integit
1479 1172 1634 1259 partem
1658 1162 1876 1241 internam,
1902 1166 1949 1232 ut
1974 1159 2014 1230 in
2037 1158 2216 1258 Drupis:
2301 1166 2303 1169 ’

500 1264 593 1366 ⁸Aut
613 1291 751 1393 durior
774 1296 941 1369 cortex,
967 1282 1198 1358 insternitur
1216 1288 1320 1382 parti
1341 1285 1531 1372 molliori,
1557 1298 1603 1362 ut
1616 1290 1656 1360 in
1673 1287 1920 1382 Hymenaea,
1954 1281 2215 1369 Tamarindo,

501 1390 653 1523 Carmo,
679 1412 858 1513 vApeiba,
884 1409 1056 1492 Punica,
1082 1410 1122 1485 δι
1146 1414 1343 1505 omnibus.
1362 1413 1438 1487 illis
1460 1412 1676 1499 fructibus,
1706 1416 1775 1509 qui
1801 1414 1852 1487 ob
1874 1413 1976 1485 hanc
2011 1410 2216 1495 fabricam,

505 1537 680 1647 stridtius
694 1540 881 1614 dicuntur
894 1537 1057 1611 torriculi
1069 1563 1080 1609 .·
1098 1534 1192 1641 ‚Aut
1201 1538 1370 1643 denique
1387 1541 1633 1617 consistentia
1644 1543 1858 1634 utriusque
1872 1539 1999 1637 partis
2014 1537 2217 1630 subaequa-

504 1672 557 1762 lis
584 1667 662 1752 est,
688 1666 728 1745 ὅ(
752 1666 863 1738 color
877 1663 1011 1736 saltem
1031 1673 1100 1736 aut
1124 1673 1288 1739 textura
1312 1666 1517 1741 discrimen
1545 1671 1648 1744 inter
1670 1679 1882 1762 utramque
1904 1665 2073 1749 faciunt,
2101 1675 2147 1737 ut
2175 1664 2218 1738 in

508 1795 643 1879 Citro,
668 1790 877 1873 Aubletia,
903 1787 1141 1873 Morisonia,
1167 1790 1206 1864 δι
1221 1793 1360 1867 multis
1381 1793 1468 1869 aliis
1489 1795 1616 1870 baccis
1640 1793 1787 1869 facetis.

604 2007 752 2085 Nexus
769 2009 873 2079 inter
885 2008 1074 2079 corticem
1088 2013 1206 2099 atque
1222 2015 1375 2104 partem
1393 2011 1614 2102 internam,
1639 2009 1878 2102 regulariter
1892 1986 2128 2113 arctissimus
2141 2004 2218 2090 est,

508 2140 576 2233 qui
597 2139 672 2214 vix
694 2133 764 2207 nili
780 2130 867 2230 post
882 2130 1038 2227 plenam
1058 2136 1325 2207 maturitatem
1348 2135 1587 2229 quandoque
1607 2137 1794 2211 solvatur.
1845 2131 1905 2207 At
1929 2135 1967 2204 in
1992 2131 2218 2215 nonnullis,

508 2273 653 2339 cortex
669 2286 750 2335 non
769 2260 895 2334 solum
910 2257 1178 2331 naturalitera
1196 2270 1310 2356 parte
1332 2263 1490 2334 interna
1514 2236 1684 2363 solutus,
1709 2261 1773 2335 sed
1797 2258 1836 2334 δι
1857 2245 2057 2333 interdum
2075 2256 2122 2330 ad
2142 2280 2217 2331 no·
2309 2262 2315 2269 ’

412 2364 419 2375 ’
508 2389 667 2465 tabilem
686 2387 903 2462 distantiam
924 2385 970 2457 ab
986 2404 1030 2458 ea
1049 2394 1230 2458 remotus
1246 2384 1576 2482 deprehenditur,
1604 2397 1650 2461 ut
1674 2407 1779 2462 unus
1800 2383 1906 2478 quali
1926 2386 2030 2455 intra
2043 2383 2218 2457 alterum

508 2520 663 2598 haereat
687 2512 861 2589 fruetus:
894 2506 1115 2605 cujusmodi
1141 2512 1326 2608 exempla
1354 2512 1552 2585 habentur
1574 2513 1614 2585 in
1633 2505 1830 2607 Scytalia,
1857 2508 2117 2606 Cysticapno,
2143 2508 2219 2584 Ni-

511 2644 614 2739 gella
635 2638 854 2740 doinuscena,
878 2637 917 2711 &
932 2636 1218 2730 quadammodo
1236 2640 1272 2709 in
1287 2634 1543 2733 Onobrychi:
1570 2658 1673 2733 quos
1693 2633 1867 2735 fruitus,
1893 2633 2219 2735 empbysematosos,

511 2773 559 2851 ab
576 2770 724 2847 inflatis
743 2767 871 2871 probe
891 2763 1208 2855 distinguendos,
1237 2763 1401 2838 dixeris.
1909 2781 1914 2792 ·

610 2980 778 3054 Fabrica
801 2978 972 3070 denique
994 2976 1153 3051 corticis
1171 2977 1356 3075 propria,
1381 2975 1616 3075 plerumque
1644 3002 1699 3053 ex
1724 2979 1998 3072 integerrima,
2024 2974 2219 3050 uniformi

510 3109 552 3181 ὅ(
574 3109 760 3179 continua
772 3101 979 3176 substantia
1002 3106 1174 3177 excitata
1194 3101 1268 3185 est,
1295 3102 1401 3176 unde
1417 3107 1533 3179 etiam
1562 3108 1601 3177 in
1625 3103 1810 3203 omnibus
1833 3104 1919 3178 fere
1945 3099 2139 3177 fructibus
2154 3102 2218 3175 su-

511 3233 716 3336 perficies,
746 3227 875 3302 iinon
893 3230 1116 3323 aequabilis,
1141 3238 1276 3303 tamen
1298 3229 1460 3304 indivisa
1485 3241 1662 3329 apparet.
1717 3227 1795 3304 Sed
1819 3233 1857 3301 in
1878 3231 2102 3313 nonnullis,
2128 3252 2218 3302 cor-

514 3370 587 3439 tex
610 3354 946 3429 foraminulentus
974 3355 1055 3439 est',
1080 3358 1187 3428 utin
1213 3351 1469 3452 Onobrychi3
1503 3361 1542 3431 in
1571 3356 1675 3443 aliis,
1700 3382 1757 3432 ex
1780 3354 1967 3431 distinctis
1998 3354 2218 3429 tuberculis

513 3483 793 3581 componitur,
823 3483 925 3555 utin
945 3477 1100 3555 Sitodio
1114 3480 1153 3555 &
1167 3479 1367 3575 Scytalia;
1394 3482 1434 3557 &
1461 3486 1605 3559 iterum
1623 3489 1662 3557 in
1682 3484 1788 3566 aliis,
1821 3506 1875 3556 ex
1897 3483 2093 3587 separatis.
2112 3482 2219 3574 squa-

514 3613 590 3684 mis
608 3608 893 3701 cartilagineis,
919 3608 959 3678 in
984 3606 1120 3681 loricae
1137 3608 1304 3706 ipcciem
1316 3604 1487 3703 junttis,
1512 3610 1729 3705 formatur,
1753 3611 1864 3685 utin
1886 3607 2073 3703 Rotanga
2097 3619 2220 3702 atque

515 3734 642 3831 Sagu:
672 3736 741 3829 qui
766 3729 922 3807 lindius
949 3738 1113 3809 omnino
1130 3746 1339 3811 merentur
1355 3734 1496 3811 loricati
1512 3737 1598 3813 dici.

611 3946 770 4022 Praeter
783 3947 884 4033 hacc,
909 3946 958 4022 ad
978 3948 1191 4022 externam
1207 3969 1367 4041 quoque
1384 3945 1586 4022 fruetuum
1607 3946 1843 4023 strusturam
1859 3947 2052 4044 pertinet,
2079 3922 2219 4021 uarius

514 4097 657 4150 eorum
675 4074 894 4148 dehiscendi
912 4073 1072 4165 modus,
1098 4096 1185 4148 cum
1207 4070 1414 4159 Valvulis,
1440 4097 1531 4169 quae
1556 4076 1646 4150 inde
1670 4075 1919 4148 enascuntur.
1968 4070 2050 4145 Alii
2073 4094 2219 4169 nempe

515 4197 696 4283 fruitus,
726 4194 832 4274 suam
859 4201 898 4271 in
920 4198 1105 4271 ultimum
1131 4217 1261 4291 usque
1283 4200 1433 4273 scnium
1458 4203 1704 4275 immutatam
1733 4202 1895 4275 servant
1922 4199 2118 4280 formam,
2149 4198 2219 4271 vel

515 4325 651 4402 saltem
669 4320 842 4418 regulari
863 4324 981 4397 modo
1003 4344 1205 4416 nunquam
1236 4324 1495 4422 aperiuntur:
1528 4331 1596 4421 qui
1621 4328 1710 4402 ideo
1732 4323 1866 4401 evolvas
1886 4326 2084 4400 dicuntur.
2134 4322 2219 4396 Alii

374 4466 381 4475 ‘
517 4462 648 4527 autem
671 4474 745 4549 per
761 4452 1029 4527 maturitatem
1056 4452 1195 4547 sponte
1218 4452 1257 4524 in
1278 4450 1413 4550 partes
1439 4453 1646 4545 regulares
1674 4453 1904 4538 solvuntur,
1930 4462 2000 4526 aut
2017 4452 2219 4525 foramini-

518 4580 615 4665 bus,
641 4578 730 4652 loco
751 4576 790 4652 &
809 4599 980 4651 numero
1000 4576 1289 4672 determinatis,
1314 4578 1535 4654 dehiscunt:
1561 4578 1681 4674 atque
1701 4580 1742 4652 hi
1755 4577 1891 4654 calcati
1907 4577 2168 4677 appellantur.

614 4789 715 4864 Poro
734 4788 808 4863 scil.
824 4789 1042 4882 dehiscunt,
1068 4810 1197 4882 eoque
1217 4791 1336 4863 unico
1355 4797 1424 4863 aut
1444 4792 1604 4883 gemino
1629 4791 1846 4864 terminali:
1872 4789 2034 4887 Jungia,
2059 4785 2218 4872 Roella,

514 4915 734 4995 Heuchera
753 4917 916 4995 &varia
931 4915 1190 5003 Antirrhina;
1214 4915 1389 5001 duobus,
1415 4917 1543 4992 tribus
1565 4926 1634 4992 aut
1645 4917 1827 5014 pluribus
1838 4917 2083 4992 lateralibus:
2105 4913 2219 5010 Phy-

2062 5052 2196 5117 tevma
2211 5099 2220 5131 ,
