4852 6062
852 493 1201 580 ,πή
1720 432 1871 564 “aaa

173 709 346 803 danque
363 699 503 804 postea
516 699 723 794 ingeratur
741 695 874 798 pollen
891 707 1112 787 maturumr
1143 708 1213 777 aut
1230 697 1409 803 minatur
1431 695 1586 795 oleum,
1620 701 1662 777 in
1675 644 1872 801 llapedort

29 856 32 865 ’
175 834 457 933 experimento
476 826 640 928 pollinis
656 822 813 921 liquore
827 826 955 926 probe
971 826 1207 920 satumtum,
1231 835 1276 903 at
1289 823 1329 902 id
1347 824 1492 925 ipsum,
1517 828 1567 906 ab
1583 828 1771 925 omnibus
1785 825 1875 903 aliis

172 958 356 1062 partibus
371 958 452 1030 rite
474 943 731 1052 depuratum,
762 949 870 1027 nudo
889 954 1096 1049 ingeratur
1109 952 1299 1050 stigman:
1331 951 1375 1027 in
1394 958 1568 1049 unoque
1593 953 1683 1030 castr
1705 952 1875 1058 perinde

174 1084 344 1162 feliciter
373 1079 554 1158 succedet
575 1078 734 1154 seminis
760 1077 1025 1166 foecundatio,
1056 1079 1150 1155 acii
1174 1077 1477 1181 abimmediatu
1508 1080 1669 1157 seminia
1688 1074 1874 1167 contuitu

175 1209 307 1286 luillet
320 1215 503 1306 operam
526 1205 567 1281 br
585 1207 624 1279 in
641 1215 788 1284 neutro
812 1214 943 1283 tamen
960 1204 1066 1288 casu,
1090 1205 1218 1281 ullum
1238 1203 1363 1282 adeffe
1378 1208 1531 1305 poterit
1550 1205 1705 1283 fovillae
1721 1224 1873 1301 granu-

176 1336 284 1409 lum:
343 1331 459 1426 Ergo
483 1328 758 1416 manifestum,
804 1328 913 1426 quod
933 1328 1177 1405 foecundatio
1204 1351 1287 1405 non
1308 1332 1422 1414 huic,
1460 1330 1526 1415 sed
1552 1331 1684 1407 oleoso
1710 1330 1873 1431 pollinis

176 1460 325 1556 liquori
343 1457 553 1541 debeatur,
580 1454 620 1533 dr
641 1455 946 1552 consequenter,
970 1454 1080 1552 quod
1100 1455 1166 1537 ille
1183 1456 1291 1533 sotus
1310 1479 1454 1536 verum
1471 1458 1699 1558 plantarum
1716 1457 1875 1557 sperma

177 1583 368 1662 dicendus
385 1582 443 1660 fit

276 1793 404 1871 Hisce
434 1790 616 1890 partibus
641 1794 859 1871 absolvitur
877 1791 1023 1869 fabrica
1051 1794 1282 1889 genitalium
1311 1798 1350 1872 in
1379 1796 1526 1896 plantis
1557 1776 1875 1895 perfectioribus,

180 1919 236 1994 ln·
247 1915 607 2019 imperfectioribus
626 1929 761 1994 autem
779 1919 898 2014 longe
915 1919 990 1994 alia
1006 1919 1287 1996 rerumfacies
1311 1920 1386 2005 est,
1413 1920 1732 2017 quandoquidem
1756 1923 1794 1995 in
1812 1897 1878 2003 his

182 2046 280 2121 nihil
299 2046 526 2142 reperiatur
543 2040 651 2138 quod
668 2044 737 2120 vel
756 2044 956 2129 antherae,
989 2044 1056 2119 vel
1072 2044 1214 2145 pollini
1235 2044 1327 2122 fatis
1343 2029 1445 2122 bene
1462 2046 1721 2146 respondeat,
1758 2055 1878 2142 atque

182 2191 324 2247 omnes
343 2178 479 2270 partes
498 2170 710 2263 genitales,
736 2178 887 2268 praeter
905 2169 1007 2271 solas
1021 2169 1230 2263 femineas,
1255 2170 1372 2277 densa
1389 2172 1554 2273 caligine
1577 2171 1777 2248 obvelatae
1790 2172 1877 2249 lint.

181 2288 341 2371 Debere
364 2305 498 2370 autem
518 2295 558 2370 bt
579 2297 617 2367 in
644 2296 706 2370 his
728 2296 883 2395 sperma
901 2296 1020 2371 virile
1039 2295 1185 2380 adeffe,
1211 2318 1335 2391 quum
1354 2320 1455 2373 vera
1473 2297 1514 2373 ἃ
1532 2295 1719 2372 foecunda
1736 2299 1881 2397 inplu2

181 2420 296 2495 rimis
314 2422 568 2519 reperiantur
582 2420 746 2505 semina,
771 2444 891 2497 nemo
909 2421 1087 2520 prudens
1103 2422 1145 2494 in
1161 2418 1323 2495 dubium
1343 2424 1575 2509 vocaverim
1599 2421 1664 2497 sed
1678 2421 1879 2503 undenam

184 2546 279 2621 illud
304 2544 557 2644 procedat&
588 2546 734 2639 quibus
758 2546 948 2623 debeatur
971 2542 1179 2645 partibus?
1223 2544 1261 2622 id
1280 2546 1438 2641 quidem
1463 2547 1583 2623 ferax
1610 2549 1669 2624 est
1691 2548 1796 2622 dubii
1819 2556 1879 2622 at-

183 2695 261 2767 que
279 2672 364 2747 litis
383 2675 581 2748 materies.
634 2668 718 2745 Alii
736 2694 901 2772 nempe,
934 2673 975 2746 in
997 2670 1100 2745 hisce
1118 2671 1293 2768 plantis,
1340 2671 1506 2771 perinde
1530 2670 1705 2752 distincta
1722 2672 1763 2748 ἃ
1788 2672 1898 2779 aie·⁴
1982 2690 1998 2719 ·

129 2896 135 2908 .
183 2800 327 2875 mincis
350 2798 525 2897 separata
538 2796 726 2892 ,statuunt
751 2819 904 2893 organa
927 2796 1111 2880 mascula,
1155 2796 1254 2872 licut
1276 2800 1316 2872 in
1338 2795 1664 2899 perfectioribus,
1701 2798 1881 2893 adeoque

182 2923 369 3021 quicquid
390 2925 430 2996 in
449 2925 510 2997 eis
525 2926 702 2997 occurrit
715 2920 950 3018 glandulofi,
990 2921 1205 3016 globuloll,
1238 2923 1440 3024 apiculati,
1463 2925 1757 3024 pulverulenti,
1782 2945 1881 3003 ver·

182 3050 253 3134 bo,
277 3048 325 3122 ab
344 3032 432 3121 aliis
453 3048 632 3145 partibus
650 3047 813 3140 diversi,
838 3048 877 3123 id
894 3046 981 3121 fere
1006 3069 1126 3122 omne
1141 3048 1183 3121 in
1199 3047 1462 3126 masculorum
1483 3051 1715 3146 genitalium
1739 3068 1881 3127 nume·

180 3197 276 3250 rum
299 3169 432 3271 pall‘un
447 3185 708 3271 receperunt,
733 3182 781 3250 ut
797 3173 867 3249 vel
883 3171 962 3272 ipsa
978 3170 1150 3255 semina,
1184 3176 1342 3259 ovaria,
1375 3194 1571 3270 gemmas,
1595 3178 1753 3259 crines,
1777 3152 1883 3250 setuss·

181 3300 244 3377 las
265 3293 532 3382 addutlorias,
565 3299 604 3375 ἃ
622 3301 780 3394 quaevis
798 3299 894 3380 alia,
941 3320 1017 3395 pro
1034 3295 1265 3374 staminibus
1284 3308 1355 3375 aut
1372 3301 1522 3400 polline
1546 3300 1749 3379 venditata
1766 3316 1884 3397 repe·
1950 3324 1952 3328 ⁴

183 3428 351 3500 riamus.
406 3420 488 3497 Alii
510 3447 636 3508 vero,
683 3447 836 3499 amera
857 3425 1030 3522 partium
1048 3424 1189 3519 unpra
1210 3422 1249 3498 dr
1278 3422 1377 3500 facie
1402 3439 1574 3503 externa
1596 3448 1679 3500 non
1705 3425 1885 3523 decepti,

183 3550 293 3626 haud
317 3544 463 3624 dillitas
485 3550 685 3643 quidema
717 3550 892 3625 fimineis
917 3548 1064 3626 volunt
1088 3544 1165 3620 effe
1189 3559 1328 3647 partes
1352 3553 1567 3636 masculas,
1605 3551 1668 3629 sed
1697 3553 1736 3624 in
1765 3549 1885 3627 modu

183 3677 491 3755 combinationis
510 3672 762 3750 diffentiunt:
807 3677 860 3749 ita
877 3696 1024 3771 nempe
1046 3668 1185 3749 eorum
1207 3676 1293 3759 alii,
1329 3679 1456 3751 meris
1468 3680 1573 3755 utari
1593 3676 1753 3761 feminei
1772 3677 1885 3750 invo-

183 3803 313 3879 lucris
352 3801 527 3875 mascula
550 3800 775 3877 adscribunt
791 3800 928 3875 ‘officia
954 3799 1239 3893 &generatim
1266 3802 1306 3874 in
1330 3802 1511 3897 partibus
1538 3800 1789 3876 corticalibus
1813 3803 1886 3895 (ι)

181 3926 442 4005 roemndandi
461 3910 620 4025 ponunt
633 3924 880 4009 facultatem
910 3926 976 3999 alii
995 3948 1114 4011 vero,
1141 3926 1312 4000 feminea
1330 3929 1468 4001 ovaria
1484 3950 1561 4025 pro
1580 3925 1709 4001 clauso
1730 3935 1887 4001 tanturn

182 4057 224 4133 bc
259 4055 464 4130 communi
493 4054 669 4153 plurium
693 4048 1046 4127 fructificationum
1075 4052 1224 4126 habent
1251 4053 1520 4150 receptaculo,
1565 4053 1669 4125 intra
1698 4050 1806 4147 quod
1832 4049 1887 4125 di·

182 4181 339 4262 stinuae
359 4184 573 4277 utriusque
595 4180 716 4257 sexus
738 4187 901 4278 partes,
926 4177 1025 4250 ficut
1040 4179 1080 4249 in
1097 4174 1215 4263 Ficu,
1240 4174 1316 4248 sint
1334 4177 1553 4252 reconditae
1579 4181 1596 4269 (
1608 4180 1654 4268 2)
1662 4204 1674 4262 3
1710 4186 1753 4252 et
1775 4175 1889 4258 deni·⁸
1915 4169 1917 4172 ’

182 4338 268 4411 que
285 4316 430 4387 iterum
452 4309 536 4391 alii,
560 4306 733 4381 feminea
751 4323 919 4396 organa,
947 4301 1026 4399 ipsa
1042 4301 1109 4376 fibi
1127 4301 1205 4376 sola
1220 4300 1417 4387 sufficere,
1446 4303 1620 4377 mascula
1635 4312 1767 4377 autem
1788 4301 1887 4401 adeo

183 4439 369 4517 clancule
390 4435 472 4511 istis
496 4434 649 4525 addita,
674 4429 975 4522 eorundemque
992 4426 1152 4501 fabricae
1177 4429 1398 4505 intertexta
1421 4428 1496 4503 elie
1517 4430 1682 4514 volunt,
1710 4436 1756 4502 ut
1769 4419 1888 4513 haec,

184 4570 458 4660 integrantem
482 4560 680 4633 duntaxat
704 4558 888 4655 priorum
913 4553 1088 4629 efficiant
1115 4562 1295 4653 partem,
1335 4575 1410 4627 nec
1434 4552 1635 4628 afeminei
1654 4554 1759 4627 uteri
1780 4575 1888 4626 com-

185 4712 293 4794 page
323 4687 406 4779 ullo
426 4684 546 4765 modo
574 4678 749 4758 distincta
776 4680 871 4757 sint:
911 4702 1034 4777 quare
1053 4679 1173 4755 etiam
1197 4674 1393 4776 ejusmodi
1418 4680 1595 4778 plantas,
1632 4676 1890 4755 unisexuales

1699 4804 1888 4888 feminas,

232 4983 277 5064 ι.)
299 4984 556 5044 locantur.
579 4975 759 5041 Entdcrtter
783 4977 943 5044 Gebcimn.
969 4975 1027 5039 der
1094 4977 1145 5058 a.)
1167 4967 1889 5057 winnemplantcrypt.p.136.r3a.conf.Du·

307 5100 453 5180 Cryptug.
476 5115 532 5178 per
552 5108 649 5155 totum
674 5089 822 5155 libellum.
1174 5086 1891 5166 namet.Naturg.derBaeume.V.r.p.263.264
