4852 6062
924 466 1235 539 w
1871 456 1940 567 'u

226 671 471 753 intuentes:
503 671 613 768 quod
630 672 790 755 seminis
813 674 986 775 ambryo
1006 679 1050 755 in
1068 677 1219 779 polline
1234 682 1430 767 amnesi
1449 682 1680 776 deliteseat.
1714 691 1755 773 bt
1774 710 1830 779 ex
1848 695 1928 781 bno

226 821 300 897 per
318 797 412 896 styli
434 796 617 877 duttulos
634 801 683 879 ad
707 823 873 879 vacuam
894 805 1116 885 rivulorum
1130 810 1341 891 cavitatem
1365 812 1533 906 migret,
1564 824 1610 893 ut
1625 815 1676 891 ibi
1695 815 1830 897 saltem
1848 841 1924 897 nu-

224 928 390 1007 triatur,
414 927 704 1017 grandescat&
724 928 903 1013 tandem,
932 931 1090 1007 senibiis
1107 933 1321 1011 involucro
1340 935 1557 1015 custoditas
1577 938 1796 1035 spargatur.
1830 942 1926 1023 Non

222 1052 323 1141 alia,
358 1050 449 1132 hac,
488 1055 614 1144 uragis
640 1051 783 1124 absona
804 1058 1027 1148 excogitari
1050 1055 1236 1152 potuiffet
1258 1059 1519 1157 hypothesis:
1560 1062 1596 1138 fi·
1619 1067 1725 1140 enim
1749 1068 1838 1153 illa,
1883 1074 1925 1149 iu

223 1200 356 1272 regno
380 1177 561 1261 anirnali,
614 1179 702 1254 suas
724 1178 842 1276 plane
867 1180 1148 1278 insuperabiles
1170 1183 1288 1259 habet
1309 1185 1580 1271 difficultatem
1603 1189 1738 1265 eadem
1764 1192 1856 1281 sane
1882 1197 1924 1275 in

224 1300 451 1397 vegetabile
477 1325 648 1397 regnum
678 1306 888 1391 translata,
938 1329 990 1383 no
1012 1308 1190 1383 umbram
1222 1310 1381 1403 quidem
1414 1311 1767 1395 verisimilitudinis
1796 1319 1924 1401 boba.

211 1430 363 1506 Detur
385 1450 546 1526 nempe:
573 1429 642 1504 vel
663 1432 844 1524 integros
857 1432 1018 1529 pollinis
1036 1434 1245 1527 globulos,
1272 1445 1342 1512 aut
1363 1438 1559 1531 quaslibet
1578 1440 1728 1519 favillae
1752 1448 1926 1540 particu-

224 1559 289 1633 las
311 1555 461 1649 absque
483 1554 717 1631 difficultate
736 1558 775 1628 in
799 1557 939 1651 stigma
964 1560 1196 1643 intromittia
1238 1570 1284 1639 et
1303 1563 1496 1655 largietur
1519 1568 1656 1659 miani,
1695 1567 1785 1645 istas
1803 1572 1926 1670 parti

226 1683 361 1761 cules,
397 1680 541 1753 illibata
563 1682 773 1757 tenerrimi
791 1686 983 1779 germinis
1001 1682 1149 1775 forma,
1180 1707 1255 1781 per
1275 1687 1464 1781 angustos
1490 1687 1582 1784 styli
1608 1693 1764 1773 canales
1785 1704 1827 1771 et
1851 1718 1925 1794 por

225 1806 441 1882 cellulosos
460 1806 696 1904 receptaculi
726 1807 918 1885 ieirriuum
935 1808 1210 1905 labyrinthos,
1238 1822 1379 1887 eontra
1398 1814 1511 1908 legen
1531 1818 1762 1907 gravitatis,
1802 1828 1925 1901 attra-

226 1931 399 2018 stionis,
431 1930 647 2017 frisionis,
676 1934 823 2017 verbo,
860 1944 1000 2011 conus
1020 1938 1153 2017 otonis
1175 1935 1387 2024 obstacula.
1417 1940 1550 2019 selvas
1576 1942 1624 2017 ad
1645 1941 1858 2038 ingrelium
1886 1945 1927 2025 in

227 2064 440 2139 cavitatem
473 2058 584 2133 ovuli
612 2059 861 2155 pertingere:
898 2082 1041 2158 parum
1069 2062 1132 2141 his
1157 2065 1342 2145 oninium
1362 2065 1560 2147 lucratum
1581 2069 1682 2160 erit,
1725 2072 1928 2165 quianon

228 2186 491 2279 intelligitur,
515 2184 715 2278 quomodo
734 2204 868 2263 novus
889 2185 955 2261 ille
975 2186 1144 2270 advena,
1165 2183 1314 2283 justum
1328 2189 1440 2269 fuum
1462 2192 1564 2273 intra
1585 2192 1694 2267 istam
1714 2197 1927 2277 cavitatem

214 2333 376 2411 ,capere
401 2309 518 2408 polilt
549 2308 667 2385 situm
694 2319 813 2403 atque
836 2311 980 2389 locum
1042 2310 1162 2407 Quod
1191 2316 1298 2387 enim
1332 2314 1435 2391 alius
1466 2314 1592 2399 statim
1622 2318 1670 2395 ad
1694 2318 1790 2399 ostia
1813 2321 1926 2399 evuli

224 2437 419 2519 confidat.
453 2439 557 2513 utin
579 2433 730 2522 Arcem
770 2437 874 2515 alius
895 2460 995 2513 vero
1012 2436 1207 2515 lunianum
1222 2434 1309 2533 ejus
1328 2449 1438 2536 petet
1458 2440 1673 2531 fornicem,
1701 2453 1748 2519 ut
1767 2446 1806 2525 in
1829 2441 1926 2525 Col·

225 2567 369 2649 cirtem
409 2560 612 2639 &iterum
631 2562 734 2637 alius
750 2565 788 2639 in
806 2562 911 2641 latus
926 2563 1118 2645 divertat,
1156 2578 1203 2640 ut
1222 2564 1494 2647 inPlioenice:
1534 2568 1571 2642 id
1592 2569 1751 2662 quidem
1772 2566 1926 2651 ultimis

223 2692 415 2771 vasorum
438 2687 719 2763 umbilieelium
738 2689 887 2767 linibus
902 2691 1052 2787 poterit
1068 2691 1240 2771 attribui.
1291 2686 1370 2773 Sed
1385 2693 1491 2784 quod
1509 2693 1572 2775 hie
1595 2693 1749 2791 semper
1764 2690 1923 2773 erettus

222 2816 435 2898 conliltat,
460 2811 775 2912 incompotem
807 2816 910 2893 alter
928 2815 1111 2893 inversus
1125 2816 1311 2914 perideat,
1342 2817 1624 2916 inDlpsaceisa
1658 2819 1924 2901 tertiustobli-

217 2942 581 3041 quoadecumbat,
618 2946 658 3017 in
680 2940 911 3039 Aiparsgot
950 2942 991 3019 ὃ(
1010 2953 1179 3035 quartus
1207 2943 1469 3021 transversim
1496 2947 1666 3025 evulum
1693 2953 1924 3043 perreptet‚

226 3074 272 3147 in
292 3066 565 3163 Anguillariar
588 3066 694 3162 quod
713 3068 893 3145 omnium
903 3067 1085 3145 radicula
1100 3068 1242 3145 versus
1262 3069 1530 3166 peripheriam
1553 3069 1592 3147 u
1609 3091 1812 3165 uunquam
1832 3091 1926 3149 ver·

225 3200 296 3276 sus
319 3204 503 3272 oentrum
533 3194 689 3271 seminis
715 3189 864 3271 diretta
883 3191 952 3275 fita
991 3193 1031 3271 bt
1058 3194 1165 3288 quod
1197 3192 1466 3271 diverllllimae
1497 3196 1576 3271 illae
1611 3196 1800 3295 positurae
1826 3195 1925 3277 adeo

156 3403 165 3415 ,
229 3324 310 3401 fint
327 3320 570 3402 corruentes,
598 3319 703 3393 utin
725 3317 863 3393 multis
880 3319 1072 3395 serninum
1095 3319 1343 3413 myriadibus
1363 3322 1481 3397 unius
1500 3321 1659 3420 speciei,
1689 3322 1925 3416 ambr-vonis

229 3452 329 3529 litus
346 3470 396 3525 ne
417 3444 537 3523 iernel
553 3442 710 3537 quidem
726 3440 891 3517 variasse
913 3444 1020 3519 visus
1036 3443 1102 3519 fit:
1130 3444 1166 3519 id
1183 3445 1340 3539 quidem
1358 3469 1414 3521 ex
1429 3448 1614 3523 omnibus
1630 3448 1792 3545 poiliiis
1809 3446 1849 3524 bt
1864 3445 1924 3521 fo·

230 3577 346 3655 villae
367 3573 527 3647 dotibus
553 3565 666 3640 finrul
688 3567 827 3643 lbmtis
844 3570 1038 3666 explicari
1063 3568 1169 3667 polle
1188 3570 1452 3668 desperamus.
1509 3570 1877 3666 Alamannieum,
1905 3593 1930 3651 s

219 3702 442 3780 'deficiente
471 3696 639 3769 cavitate
671 3695 711 3767 in
740 3692 867 3769 nvulo
892 3698 1098 3789 virgineo,
1134 3697 1376 3792 apartubus
1406 3696 1607 3792 hybridis‚
1654 3697 1697 3772 br
1726 3722 1749 3773 a
1778 3697 1928 3794 polline

132 3872 148 3887 ·
219 3826 436 3906 masculo,
476 3818 688 3896 fecundum
715 3817 986 3912 Hrnnrvra,
1019 3844 1076 3894 ex
1099 3819 1250 3895 lincera
1270 3845 1390 3898 carne
1414 3825 1627 3917 vegetabili
1650 3824 1845 3904 formato,
1887 3828 1929 3895 ot

224 3966 366 4033 ‚tamen
394 3946 574 4023 femellas
593 3946 748 4042 plantas
768 3945 1040 4042 producente‚·
1056 3949 1197 4043 petita,
1222 3950 1368 4020 merito
1392 3947 1567 4035 blemuS,
1593 3971 1686 4047 epm
1702 3954 1835 4027 totum
1851 3944 1928 4019 hoc

231 4086 505 4157 commentum
532 4092 615 4147 non
639 4070 789 4154 refelli,
826 4071 890 4148 sed
915 4075 1050 4169 potius
1073 4072 1434 4176 riderimereatur.

333 4363 485 4465 Aptius
509 4364 641 4458 itaque
658 4362 746 4446 alii,
771 4363 899 4460 prima
922 4362 1066 4438 sobolis
1084 4365 1192 4438 initia
1205 4398 1220 4449 ‚·
1243 4362 1310 4438 soli
1330 4364 1468 4449 matri,
1499 4364 1724 4463 [partibus
1746 4362 1928 4440 femineis

234 4494 509 4571 attribuerunt
529 4500 649 4584 atque
674 4489 957 4583 embryonem,
991 4497 1121 4565 totum
1144 4490 1465 4588 praeformatum,
1497 4492 1602 4564 intra
1617 4491 1740 4587 ipsum
1760 4491 1929 4564 colloca·

233 4633 338 4701 runt
359 4621 548 4703 ovulum,
573 4628 621 4690 ut
643 4616 712 4698 ibi,
735 4616 784 4689 ab
807 4616 918 4688 initio
946 4637 1103 4698 rerum,
1144 4618 1181 4688 in
1210 4638 1330 4690 omne
1352 4615 1523 4689 dormiat
1550 4625 1730 4713 tempus,
1761 4613 1931 4687 doneca

233 4748 345 4827 virili
378 4746 574 4845 spermate
598 4740 835 4835 evigiletur,
872 4745 1075 4817 nutriatur
1100 4751 1221 4835 atque
1249 4740 1485 4823 evolvatur:
1533 4760 1657 4832 quare
1680 4742 1798 4814 etiam
1826 4738 1931 4822 heau,

232 4873 488 4954 evolationis
511 4867 746 4968 hypothesis
772 4867 891 4945 audit.
940 4865 1104 4962 Magnis
1123 4864 1237 4960 Viris
1269 4863 1573 4960 haeclententia
1599 4866 1767 4964 placuit,
1809 4883 1934 4956 quum

1079 5009 1154 5087 ge
1746 4988 1940 5073 viderint,
