4852 6062
441 514 623 571 txxvnr
1141 516 1447 588 ζει-Ξ

441 732 564 809 inice,
590 720 762 803 Amida,
789 717 945 794 Basella
966 716 1006 794 δι
1024 718 1131 793 aliis:
1157 732 1298 795 contra
1321 730 1455 795 autem
1478 718 1507 793 s1
1532 721 1570 794 in
1597 719 1666 795 illo
1692 719 1815 804 statu,
1842 720 2026 793 ovarium
2052 723 2156 797 intra

440 855 556 929 floris
576 847 774 925 delitescat
787 845 1026 931 thalamum,
1053 858 1123 920 aut
1146 845 1370 942 sistamina,
1396 859 1517 942 atque
1536 849 1666 948 petala
1686 844 1865 922 altillime
1887 847 2003 944 supra
2025 826 2157 924 sedem

441 981 600 1056 fructus
621 974 747 1068 calyci
761 970 913 1045 suerint
929 973 1218 1055 insertaatunc
1231 977 1271 1047 in
1284 977 1410 1072 priori
1424 976 1511 1049 casu
1528 975 1743 1060 audenter,
1770 975 1808 1046 in
1826 971 2038 1071 posteriori
2052 999 2156 1052 vero

442 1107 494 1182 ob
515 1103 758 1196 analogiam,
782 1097 940 1171 fructus
962 1093 1156 1194 ejusmodi
1173 1100 1221 1174 ad
1239 1101 1393 1176 inferos
1404 1111 1604 1203 poterunt
1622 1102 1788 1185 referri,
1814 1110 1861 1173 ut
1879 1103 1917 1172 in
1935 1097 2155 1177 Alchemil-

374 1324 377 1333 y
441 1234 502 1316 la,
528 1228 788 1323 Agrimonia,
814 1223 936 1307 Rosa,
975 1224 1139 1299 Rhexia
1162 1225 1203 1300 δι
1226 1229 1325 1304 aliis.
1375 1230 1530 1306 Deinde
1554 1231 1672 1305 etiam
1700 1227 1834 1303 sedulo
1856 1226 2154 1324 dispiciendum,

442 1381 562 1454 quam
576 1357 654 1428 late
665 1350 955 1447 sructuscalyci
971 1351 1139 1425 adnatus
1155 1350 1235 1426 sit?
1262 1351 1290 1424 fi
1306 1356 1411 1429 enim
1426 1355 1545 1453 plane
1560 1352 1695 1429 nullus
1708 1363 1777 1428 aut
1788 1351 2006 1428 leviffimus
2018 1354 2156 1428 saltem

443 1487 549 1557 inter
579 1480 669 1554 istas
690 1488 829 1578 partes
845 1478 963 1552 detur
988 1497 1143 1562 nexus,
1168 1487 1289 1572 atque
1304 1479 1466 1555 stamina
1485 1482 1650 1558 corollae
1666 1490 1735 1555 aut
1750 1481 1924 1557 thalamo
1940 1478 2016 1554 s1nt
2038 1480 2157 1554 adna-

443 1619 507 1693 ta;
538 1607 694 1680 fructus
715 1604 808 1678 illos
833 1604 881 1678 ad
895 1605 1061 1702 superos
1077 1606 1274 1680 tunicatos
1289 1607 1609 1701 amandabimus,
1634 1618 1681 1682 ut
1701 1610 1741 1681 in
1763 1605 2059 1711 lVlelastomate,
2084 1603 2155 1683 Os·

443 1733 603 1817 beckia,
630 1726 858 1824 saxifraga
884 1728 941 1802 sin
966 1731 1087 1826 calyx
1111 1730 1160 1804 ad
1180 1752 1298 1804 unam
1310 1735 1479 1827 „tertiam
1502 1742 1571 1809 aut
1590 1732 1788 1835 dimidiam
1812 1733 1867 1806 sui
1892 1743 2047 1832 partem
2064 1753 2157 1806 cum

444 1862 578 1936 fructu
594 1857 762 1932 coalitus
779 1855 849 1938 sit,
878 1856 947 1931 vel
963 1857 1057 1930 olim
1075 1856 1216 1941 {herlu
1242 1869 1339 1935 tune
1358 1866 1520 1937 omnino
1542 1855 1738 1956 ejusmodi
1759 1858 1915 1933 fructus
1937 1857 1984 1931 ad
2005 1857 2156 1932 inferos

443 1996 567 2063 erunt
582 1981 837 2066 amandandi,
864 1992 910 2055 ut
935 1984 973 2054 in
998 1982 1170 2070 Bruma,
1197 1981 1377 2080 Samolo,
1404 1984 1566 2071 Grielo,
1592 1985 1877 2084 Philadelpho,
1902 1984 2156 2080 Mesembry-

444 2113 634 2186 anthemo
655 2109 696 2184 &
722 2109 819 2184 aliis.
868 2106 1055 2205 Denique
1078 2115 1198 2189 etiam
1224 2114 1463 2189 involucrati
1493 2112 1681 2199 sructuS,
1707 2110 1778 2185 nisi
1804 2110 2034 2187 manifestus
2062 2109 2158 2185 adlit

444 2239 568 2334 calyx
587 2239 775 2335 superus,
802 2255 1004 2330 nunquam
1022 2263 1110 2313 cum
1125 2243 1312 2335 genuinis
1341 2240 1483 2315 inseris
1510 2240 1692 2315 miscendi
1711 2240 1820 2323 sunt;
1850 2238 1889 2312 ὅ(
1911 2241 1988 2312 rite
2004 2238 2157 2335 ponde·

444 2364 635 2455 randum,
650 2365 744 2459 quid
760 2366 801 2443 in
817 2367 1025 2448 tunicatis,
1052 2366 1233 2462 analogia
1257 2368 1297 2443 δι
1321 2388 1593 2461 congerierum
1614 2365 1840 2464 plantarum
1861 2365 2025 2470 fabrica,
2050 2386 2156 2462 prae·

445 2494 579 2567 sertim
600 2496 638 2565 in
655 2493 802 2590 plantis
818 2490 1074 2587 calyciiloris,
1101 2493 1304 2584 suadeant,
1330 2514 1381 2566 ne
1396 2514 1545 2587 genera
1566 2493 1762 2567 naturalia
1784 2502 1936 2591 praeter
1959 2489 2158 2567 necessita·

447 2628 531 2692 tem
546 2618 833 2693 dilacerentur:
859 2629 905 2692 ut
927 2629 1061 2691 tamen
1088 2618 1127 2689 in
1151 2616 1300 2692 casibus
1322 2618 1439 2714 plane
1466 2618 1613 2704 dubiis,
1642 2622 1777 2718 potius
1803 2641 1879 2716 pro
1905 2615 1978 2691 situ
1998 2618 2158 2715 supero,

446 2767 565 2839 quam
585 2770 660 2844 pro
687 2746 818 2819 infero
842 2746 1084 2827 decidamuS,
1111 2746 1203 2836 quia
1227 2744 1292 2819 ille
1318 2744 1358 2819 δι
1382 2743 1633 2844 frequentior
1658 2745 1698 2821 δι
1721 2747 1846 2839 magis
1873 2745 2067 2818 naturalis
2090 2743 2158 2819 est

450 2869 751 2965 Qualiscunque
770 2881 905 2945 autem
917 2870 1113 2943 fructibus
1129 2877 1328 2966 competat
1344 2868 1439 2943 fitus
1453 2874 1665 2970 proprius,
1696 2872 1733 2946 id
1751 2873 1966 2946 axiomatis
1982 2871 2073 2944 loco
2090 2870 2157 2945 ha·

447 2997 621 3072 bendum
637 2999 736 3080 erit,
764 2998 870 3091 quod
885 3000 924 3071 in
943 3019 1024 3070 uno
1046 2995 1265 3088 eodemque
1280 3017 1430 3089 genere
1451 2998 1641 3082 naturali,
1667 2997 1819 3098 duplex
1841 2999 1866 3072 s.
1884 2997 2064 3072 diversus
2083 2994 2160 3071 else

449 3140 641 3216 nequeat,
668 3119 732 3197 sed
747 3121 855 3216 quod
870 3123 1019 3225 species
1033 3121 1080 3195 ad
1094 3120 1248 3195 diversa
1266 3142 1415 3215 genera
1442 3096 1610 3201 debeant
1622 3125 1848 3199 amandari:
1875 3125 1966 3197 hinc
1987 3121 2161 3198 Crinum

448 3250 622 3350 afiaticam
639 3244 678 3320 dc
698 3245 1129 3347 Houstoniapurpureu,
1154 3270 1244 3322 cum
1266 3247 1433 3344 reliquis
1454 3249 1676 3347 speciebus,
1703 3253 1781 3351 sub,
1792 3274 1875 3326 uno
1893 3272 2042 3347 genere
2066 3247 2163 3324 mili·

448 3386 535 3451 tare
552 3384 772 3469 nequeunt

546 3583 717 3662 Ceteras
741 3586 946 3661 fructuum
965 3585 1213 3662 extrinsecas
1237 3583 1489 3670 affectiones,
1521 3588 1831 3681 magnitudinem
1852 3584 1925 3660 scil.
1952 3594 2072 3681 atque
2091 3609 2160 3660 co-

448 3714 597 3798 lorem,
623 3735 674 3787 ne
693 3714 897 3789 mentione
919 3712 1078 3807 quidem
1093 3712 1182 3786 heic
1200 3712 1340 3808 dignas
1356 3714 1584 3797 censemuS,
1610 3726 1753 3813 utpote
1775 3716 1893 3812 supra
1915 3712 2075 3787 modum
2092 3735 2162 3789 va·

448 3842 530 3913 rias
544 3852 664 3934 atque
691 3839 917 3918 variabiles,
968 3837 1032 3911 De
1044 3839 1315 3933 magnitudine
1334 3851 1468 3913 tamen
1488 3843 1708 3933 generatim
1727 3841 2023 3922 adnotabimus,
2052 3839 2163 3932 quod

449 3968 490 4038 in
512 3962 741 4040 Palmarum
760 3965 800 4041 δι
829 3964 1138 4047 Cucurbitarum
1165 3976 1306 4061 gente,
1333 3967 1512 4039 omnium
1536 3964 1766 4060 craffifflnn‘,
1791 3967 1892 4042 &in
1913 3964 2161 4058 Legutnino-

449 4091 579 4167 sarum
600 4093 728 4175 tribu,
753 4097 932 4167 omnium
957 4091 1168 4186 longiffimi
1193 4092 1350 4168 fructus
1370 4091 1616 4165 habeantur:
1643 4091 1812 4167 Lontari
1839 4093 1945 4166 enim
1969 4087 2162 4166 maldinicoe

448 4218 583 4300 bacca,
609 4217 713 4291 haud
727 4241 820 4291 raro
840 4240 966 4292 unum
988 4242 1078 4292 cum
1098 4218 1256 4293 dimidio
1276 4218 1447 4317 pedem,
1483 4216 1549 4289 sua
1576 4218 1766 4317 craslitie,
1795 4220 1835 4293 &
1858 4218 2042 4323 lVlimosac
2057 4215 2163 4315 scun-

449 4338 562 4416 dcntis
584 4342 790 4435 legumen,
817 4345 921 4442 saepe
945 4343 1014 4419 sex
1040 4343 1164 4442 pedes
1185 4345 1458 4427 londinenses,
1485 4343 1552 4417 sua
1570 4344 1839 4438 longitudine,
1865 4351 2064 4435 exaequat.
2113 4342 2164 4416 ln

450 4467 800 4557 Umbelliferarum
818 4492 979 4566 quoque
993 4471 1283 4566 distributione,
1308 4472 1512 4546 fructuum
1534 4473 1765 4563 magnitudo
1788 4469 1924 4569 paffim
1944 4470 2163 4544 incensum

448 4597 592 4671 venire
616 4596 735 4680 solet3
762 4597 886 4672 sedin
911 4600 994 4692 his,
1021 4603 1124 4675 ratio
1150 4596 1331 4672 crassitiei
1361 4596 1408 4670 ad
1438 4595 1746 4699 longitudinem,
1785 4591 1948 4692 majoris
1968 4599 2163 4670 momenti

451 4720 528 4796 else
555 4722 746 4806 videtur,
779 4746 897 4816 quam
919 4726 999 4800 sola
1023 4725 1306 4819 magnitudinis
1333 4723 1515 4795 relativae
1544 4722 1820 4812 consideratio,
1854 4724 1925 4801 etsi
1950 4746 2025 4797 nec
2053 4723 2161 4805 haec,

351 4864 355 4869 ⁴
448 4848 671 4948 praesertim
693 4854 735 4924 in
758 4849 996 4929 differentiis
1011 4852 1219 4954 specificis,
1244 4847 1362 4949 plane
1375 4849 1615 4944 negligenda
1638 4849 1696 4934 sit.
1804 4936 1808 4943 ⁴

2048 5080 2165 5155 Inter
