4852 6062
27 956 33 1141 l

1744 524 1893 581 XXXIX

190 715 310 816 plane
327 711 485 788 solutus
505 733 529 785 a
547 709 713 794 nucleo,
750 732 795 783 ac
823 708 1159 804 cotyledoneatus
1176 715 1216 786 in
1236 712 1382 788 somine
1404 711 1512 789 adest
1539 719 1736 814 embryo:
1785 721 1893 798 adest

191 862 353 939 quoque
371 836 539 913 ufitatus
553 835 669 911 lloris
684 834 724 911 &
744 835 971 930 genitalium
987 839 1164 936 virilium
1184 851 1411 937 apparatus.
1462 839 1568 914 Hinc
1587 845 1765 921 infimum
1779 849 1893 925 scalae

193 967 362 1064 gradum
375 976 519 1042 tenent
538 961 684 1062 plantae
700 959 890 1062 osexuales,
915 963 1009 1038 solis
1028 969 1197 1058 gemmis
1216 967 1520 1065 carpomorpbis
1537 975 1823 1068 propagandae:
1848 986 1894 1051 ut

192 1095 357 1190 Fungi,
381 1090 622 1174 Conservae‚
647 1088 767 1165 Ulvae
791 1091 863 1165 &a
914 1090 957 1163 In
982 1091 1153 1164 secundo
1172 1091 1309 1190 posttae
1338 1093 1426 1167 sunt
1445 1091 1657 1191 aphrodita,
1685 1101 1789 1174 intra
1801 1071 1893 1178 'veri

193 1225 354 1301 lentulis
381 1220 517 1296 testam
541 1215 779 1317 punstulum
800 1218 943 1292 vivum
971 1218 1190 1293 bredullare
1213 1220 1469 1294 claudentes:
1504 1235 1551 1296 ut
1574 1222 1695 1309 Fuci,
1734 1226 1894 1313 Musei,

193 1351 353 1427 Filices.
403 1346 447 1421 ln
474 1347 599 1421 tertio
618 1346 878 1442 reperiuntur
902 1338 1090 1440 ambigua,
1131 1344 1366 1440 embryonis
1384 1349 1555 1423 radicula
1582 1348 1895 1430 soladiscreta&

188 1477 378 1552 metieris
395 1477 509 1548 veris
530 1471 770 1566 gaudentest
793 1481 839 1544 ut
859 1468 1014 1554 Zama,
1045 1468 1199 1566 Cycas,
1225 1468 1409 1557 Zostera,
1438 1472 1595 1574 Ruppia
1613 1478 1685 1552 &a
1711 1479 1755 1553 ln
1776 1502 1894 1576 quar-

197 1615 239 1679 to
256 1604 427 1695 denique
450 1598 602 1694 gradu,
640 1603 794 1691 ‚ingens
821 1596 887 1670 illa
908 1598 1155 1691 reliquarum
1184 1600 1411 1695 plantarum
1434 1602 1587 1677 cohors
1608 1606 1798 1680 collocata
1819 1607 1895 1693 est,

197 1752 366 1826 quarum
384 1728 424 1804 &
442 1723 683 1802 mascula&
697 1721 880 1797 semineae
898 1735 1035 1822 partes
1053 1723 1279 1798 consuetam
1293 1725 1440 1802 habent
1455 1728 1635 1805 sormam.
1685 1732 1754 1807 Uti
1776 1730 1896 1829 igitul

199 1859 421 1960 principem
447 1853 609 1929 feminei
633 1850 773 1943 organi
795 1859 970 1948 partem,
1005 1850 1153 1934 semen,
1185 1873 1258 1948 per
1284 1852 1521 1932 insensibiles
1543 1859 1708 1952 gradus,
1743 1862 1831 1937 sere
1849 1862 1897 1938 ad

199 1986 384 2085 simplicis
397 2002 528 2079 usque
547 2001 718 2073 gemmae
734 1975 922 2051 fabricam
934 1974 1185 2069 descendere
1207 1977 1414 2055 videmus:
1438 1985 1489 2056 ita
1505 1995 1617 2063 certe
1637 2009 1718 2061 non
1739 1991 1897 2085 mirum,

199 2114 262 2190 sed
291 2110 438 2184 rationi
459 2109 594 2206 potius
613 2105 941 2185 consentaneum,
987 2112 1035 2175 ut
1054 2104 1243 2178 masculae
1258 2127 1424 2201 quoque
1445 2120 1582 2208 partes
1607 2110 1719 2186 simili
1742 2117 1897 2191 ratione

200 2240 490 2333 deliquescant,
526 2232 739 2309 &demum
755 2251 848 2302 curn
867 2227 1050 2304 senrineis
1065 2229 1289 2315 confluant,
1324 2242 1437 2308 tanto
1457 2217 1603 2332 magu,
1636 2243 1731 2334 quia
1751 2242 1898 2342 simpli·

200 2371 308 2442 ciora
330 2364 394 2439 illa
415 2360 623 2451 seminula,
655 2360 706 2433 ob
725 2357 880 2431 infinite
904 2377 1075 2452 parvum
1096 2355 1208 2431 suum
1230 2359 1516 2456 embryonem,
1550 2365 1798 2464 pauciffimo,
1833 2370 1898 2444 sed

199 2493 310 2593 quod
328 2518 351 2567 a
369 2500 474 2567 meta
495 2488 682 2562 aberrare
706 2504 788 2559 non
807 2479 941 2581 polilt,
967 2481 1162 2580 spermate
1181 2487 1358 2561 masculo
1379 2510 1483 2587 opus
1499 2488 1656 2565 habent.
1682 2490 1798 2591 Ergo
1814 2518 1900 2571 non

199 2645 297 2706 una,
336 2624 375 2695 in
397 2616 582 2693 omnibus
609 2610 918 2709 vegetabilibus,
959 2609 1228 2684 masculorum
1257 2634 1503 2708 organorum
1533 2617 1797 2696 conformatio
1823 2619 1899 2699 elle

199 2747 348 2852 potest,
372 2744 439 2822 sed
453 2744 570 2819 debet
590 2740 654 2813 illa
672 2735 882 2814 necessario
899 2735 1161 2815 diversimode
1180 2735 1504 2817 esse-modificata.
1531 2740 1644 2843 Ergo
1660 2767 1736 2821 nec
1755 2748 1899 2846 aphro·

200 2879 295 2953 ditae
317 2876 465 2976 plantae
489 2893 511 2944 e
530 2889 658 2961 regno
681 2863 891 2959 vegetabili
908 2861 1069 2961 possunt
1087 2864 1278 2946 exulare,
1303 2864 1342 2939 &
1358 2871 1489 2942 omnia
1507 2868 1570 2942 illa
1592 2906 1597 2919 ·
1619 2892 1740 2967 rgana
1760 2886 1901 2952 exter·

197 3006 271 3088 na’,
297 3025 389 3098 quae
412 2996 503 3097 ipsis
519 2996 753 3071 tribuuntur
773 2991 964 3074 mascula,
991 3012 1074 3065 non
1091 2999 1245 3064 tantum
1264 2990 1451 3091 suspesta,
1474 2996 1536 3071 sed
1556 2995 1780 3076 &erronea
1799 3002 1899 3081 sunt

198 3130 261 3207 Et
280 3129 475 3223 denique,
517 3122 626 3197 sicuti
644 3118 696 3191 illi
716 3116 917 3193 manifeste
934 3126 1090 3202 errant,
1129 3119 1197 3212 qui
1218 3140 1379 3191 omnem
1396 3121 1734 3200 sexum&omne
1754 3151 1901 3205 verum

199 3258 335 3336 semen
358 3254 449 3354 ipfis
469 3252 545 3326 sssis
561 3248 707 3348 plantis
727 3242 892 3355 prorsus
915 3243 1130 3337 denegant:
1159 3244 1210 3317 ita
1224 3265 1383 3338 quoque
1399 3269 1473 3324 eos
1491 3254 1653 3346 egregie
1672 3250 1754 3327 salli
1772 3255 1902 3350 palam

201 3383 278 3469 est,
310 3384 379 3477 qui
396 3381 555 3454 unicum
577 3375 708 3449 omnis
725 3369 1030 3444 soeamdationi's
1046 3368 1217 3454 sontem,
1243 3372 1281 3445 in
1297 3373 1389 3447 solis
1406 3376 1585 3452 antheris
1608 3377 1647 3452 ἃ
1663 3378 1813 3479 polline
1831 3405 1901 3480 po·
1967 3425 1969 3429 ·

202 3520 310 3586 nunt
338 3518 458 3604 atque
483 3506 556 3580 has
581 3511 718 3601 partes
746 3499 868 3571 anxie
896 3498 933 3568 in
956 3497 1104 3593 plantis
1128 3494 1485 3595 imperfectioribus
1508 3514 1716 3596 quaerunt,
1758 3507 1902 3601 quibus

203 3648 340 3714 tamen
365 3638 525 3713 minime
552 3625 758 3705 concessae,
791 3622 852 3697 sed
882 3623 972 3694 solis
1000 3620 1303 3721 perfectioribus
1324 3627 1373 3700 ita
1395 3626 1611 3703 reservatae
1627 3630 1736 3714 sunt,
1771 3642 1820 3707 ut
1836 3634 1903 3711 vel

203 3764 285 3853 sola
303 3766 381 3840 rite
400 3764 571 3839 formata
591 3755 774 3839 anthera,
803 3754 907 3825 inter
925 3748 998 3822 has
1020 3757 1138 3845 atque
1161 3750 1247 3826 illas
1268 3762 1420 3828 certum
1442 3764 1568 3854 ponat
1585 3756 1763 3833 limitem.

304 4076 500 4156 Feminea
519 4093 690 4170 organa,
712 4068 766 4145 ad
779 4092 872 4165 quae
882 4062 1233 4157 nunrtransunus,
1269 4066 1524 4159 latirrsquam
1546 4070 1718 4143 mascula
1734 4091 1808 4181 per
1832 4094 1903 4146 ve·
1934 4151 1936 4155 ,

208 4206 380 4301 getabile
402 4226 572 4299 regnum
592 4201 845 4277 dominantur
866 4194 905 4271 br
930 4196 968 4269 in
994 4195 1182 4269 omnibus
1198 4193 1345 4291 plantis
1368 4193 1582 4279 labentur,
1632 4206 1904 4293 praeterquam

210 4335 249 4408 iu
270 4329 643 4431 diphytismaribus
661 4327 699 4403 oz
719 4328 759 4399 in
784 4324 1051 4406 nexualibus,
1086 4332 1279 4395 attamen
1304 4320 1369 4396 vel
1397 4322 1434 4394 in
1461 4321 1523 4395 his
1541 4320 1652 4420 ipsis,
1682 4327 1786 4397 uteri
1804 4346 1904 4399 non-

208 4481 412 4553 nunquam
431 4466 507 4532 aut
520 4455 678 4531 seminis
703 4451 897 4547 quoddam
920 4448 1017 4525 adsit
1032 4446 1293 4523 snnulacrum.
1354 4445 1667 4546 Componuntur
1685 4454 1904 4544 generatim

210 4594 462 4680 exqumrm'
476 4573 871 4681 partibusdistinstis:
911 4572 1127 4670 Stigmate‚
1150 4571 1295 4669 stylo,
1317 4573 1473 4649 Otr-ario
1489 4588 1608 4669 atque
1630 4574 1814 4653 Ovuliss.
1832 4574 1904 4651 Se·

212 4712 409 4788 minilursr
438 4709 587 4805 quibus
608 4707 799 4783 omnibus
824 4702 938 4779 smol
963 4703 1123 4785 sumtis,
1168 4710 1260 4777 aare
1280 4703 1556 4778 manitatem
1575 4702 1703 4788 saara,
1743 4700 1905 4790 Pisani,

212 4837 527 4937 postuma.
543 4830 726 4912 brunus
740 4854 892 4909 nomen
915 4830 1050 4907 danim
1073 4828 1141 4908 est
1543 4858 1546 4866 ·
1583 4838 1586 4845 ‘

1718 5099 1905 5175 Ovarion.
