4852 6062
889 529 1198 588 =·.-..-...=
1245 604 1249 612 .
1765 530 1891 606 mun

195 741 329 817 locum
344 739 404 834 (ι)
422 738 724 815 subnascuntur:
758 734 864 815 unde
878 733 1021 832 liquet,
1041 759 1164 831 quarn
1186 737 1305 814 firmo
1319 735 1401 813 talo
1413 739 1533 816 etiam
1548 738 1693 816 borum
1708 741 1893 837 globulo*

196 891 288 943 rum
305 866 479 962 dignitas
495 861 668 938 mascula
685 866 855 947 nitatur,
879 863 918 937 dc
930 885 1048 957 quam
1069 860 1177 940 reste
1191 864 1330 938 sentiat
1348 863 1706 945 mariamnes
1723 866 1806 965 (a.)
1825 871 1898 963 qul

196 993 289 1092 ipfis
305 1015 426 1066 uuam
442 991 689 1083 eandemque
712 1012 803 1063 cum
827 986 1171 1065 Marclmntiarum
1187 989 1367 1083 granulis
1387 991 1567 1067 attribuit
1591 994 1772 1094 sparmna

296 1206 433 1288 Murci,
468 1207 505 1277 in
531 1201 762 1302 calyptratis
784 1202 823 1277 δι
846 1203 1112 1279 circumscissis
1144 1202 1435 1299 quodammodo
1463 1204 1635 1302 capsulis*
1650 1206 1715 1281 sua
1737 1209 1895 1309 perfici3
1945 1178 1947 1185 Ι

196 1343 272 1407 unt
296 1333 460 1414 semina,
492 1339 642 1428 praeter
660 1329 727 1401 illa
750 1352 876 1413 vero,
899 1350 982 1403 non
1011 1339 1167 1405 tantum
1199 1329 1385 1403 soliaceas
1408 1334 1649 1424 gemmulas,
1675 1333 1739 1409 sed
1763 1334 1801 1409 ὃ(
1818 1328 1896 1411 alia

196 1456 433 1555 corpuscula
457 1457 642 1548 organica
668 1454 899 1554 proferunt,
940 1454 1070 1529 forma
1089 1453 1436 1530 minutilsrmorum
1456 1453 1711 1553 folliculorum,
1736 1463 1804 1554 qui
1827 1428 1896 1556 gess

196 1584 368 1658 neratim
390 1581 671 1680 polymorphi,
698 1578 832 1677 &per
855 1583 1124 1655 maturitatem
1145 1580 1274 1664 suum,
1299 1588 1346 1653 ut
1368 1566 1500 1677 ajunt,
1532 1583 1743 1689 pulverem
1769 1574 1898 1680 quenss

197 1710 286 1784 dam
309 1708 592 1805 explodentes‚
617 1706 860 1781 anonnullis
886 1707 944 1801 (3)
968 1707 1017 1781 ad
1040 1727 1189 1800 organa
1212 1704 1398 1792 feminea,
1421 1708 1468 1781 ab
1489 1709 1577 1785 aliis
1598 1732 1701 1787 vero
1726 1710 1774 1783 ad
1793 1730 1897 1786 mat·

197 1833 283 1908 cula
298 1834 483 1928 genitalia
499 1830 642 1907 referri
657 1831 793 1905 solent.
842 1828 1052 1907 Femineis
1068 1836 1248 1932 partibus
1265 1854 1348 1907 non
1371 1834 1693 1910 annumerandos
1709 1834 1788 1912 else
1804 1834 1900 1912 istos

196 1958 415 2045 folliculos,
444 1955 697 2032 certissimum
711 1956 786 2047 est,
811 1977 934 2051 quum
948 1958 1012 2032 hae
1029 1961 1066 2031 in
1082 1958 1171 2058 ipsis
1185 1957 1426 2032 Muscorum
1439 1959 1531 2035 solis
1546 1938 1744 2035 resideant
1762 1960 1899 2059 capsa·

193 2087 265 2171 lis;
291 2096 429 2159 utrum
447 2107 549 2160 vero
566 2083 741 2156 mascula
753 2082 829 2156 smt
851 2105 1022 2177 organa,
1046 2090 1105 2159 uti
1122 2085 1388 2161 Henwmrus
1405 2084 1471 2178 (l)
1483 2083 1766 2183 speciossffimis
1779 2108 1900 2181 argu·
2035 2136 2039 2139 -

196 2216 346 2288 mentis
362 2211 562 2286 adstruere
574 2210 732 2282 annisus
747 2207 823 2292 est,
851 2209 886 2283 id
908 2211 1084 2306 quidem,
1105 2213 1159 2285 ob
1176 2212 1353 2285 rationes
1371 2234 1471 2286 mox
1487 2210 1694 2297 dicendas,
1718 2212 1899 2289 nondum

197 2340 318 2440 plane
339 2333 516 2415 evitium
534 2334 706 2411 videtur.
755 2332 859 2409 Nam
880 2339 919 2407 1⁰
935 2332 1121 2410 Folliculi
1138 2337 1194 2410 illi
1213 2333 1402 2409 rarissime
1421 2337 1461 2409 in
1476 2335 1617 2411 eodem
1632 2358 1722 2412 eum
1737 2336 1901 2415 feminis

195 2465 413 2541 involucro
435 2470 675 2545 nascuntur,
702 2462 797 2553 quin
821 2483 915 2534 raro
937 2482 1096 2556 quoque
1120 2464 1160 2535 in
1183 2460 1323 2537 eadem
1339 2485 1431 2538 cum
1451 2461 1515 2536 his
1540 2462 1743 2561 prodeunt
1759 2436 1901 2562 stirpe}

199 2589 264 2667 sed
279 2587 593 2682 frequentiffime
612 2587 652 2661 ἃ
667 2588 740 2659 vix
757 2607 838 2659 non
861 2586 1015 2686 semper
1034 2588 1233 2684 separatas
1250 2612 1273 2662 a
1289 2586 1534 2684 capsuliferls
1551 2588 1770 2665 inhabitant
1784 2586 1901 2687 plan·

198 2726 274 2791 tas.
300 2711 362 2788 At
372 2736 474 2790 vero
488 2714 626 2788 sexum
643 2722 726 2785 tota
740 2711 861 2809 stirpe
877 2712 1069 2786 divulsum
1088 2716 1126 2786 in
1142 2712 1232 2812 ipsis
1249 2712 1533 2788 excelsioribus
1546 2711 1692 2812 plantis
1707 2710 1903 2793 rarissime

199 2842 409 2924 invenieS,
438 2840 583 2934 quibus
602 2848 735 2911 tamen
757 2840 870 2914 varia
893 2838 1106 2935 pulverem
1127 2840 1373 2913 antheralem
1394 2847 1483 2914 tuto
1506 2837 1758 2914 distribuendi
1772 2839 1904 2933 ‚adrni-

198 2966 334 3041 nicula
359 2961 532 3041 concessa
554 2965 660 3046 sunt,
693 2986 784 3058 quae
807 2963 854 3038 ab
880 2963 1112 3037 humillimis
1136 2965 1244 3041 hisce
1269 2965 1460 3064 plantulis
1492 2962 1705 3040 necessario
1734 2944 1904 3045 exulare
1986 3050 1991 3059 ,

199 3092 367 3167 debent:
392 3111 569 3185 curergo
580 3087 786 3164 Naturale
798 3090 1006 3164 numerosa
1019 3090 1224 3175 hactribu,
1247 3093 1427 3165 omnium
1440 3088 1746 3181 incertiffirnam,
1772 3093 1903 3191 impe-

199 3216 503 3310 ditiffimamque
517 3215 684 3310 elegerit
705 3214 955 3289 soecundandi
978 3217 1106 3300 viam,
1132 3215 1204 3291 nisi
1221 3216 1343 3299 dicas,
1372 3216 1490 3314 ipsam
1509 3218 1616 3312 quali
1639 3219 1690 3295 de
1712 3219 1904 3301 industria

201 3343 367 3420 finesuo
384 3341 572 3416 excidere
593 3338 767 3417 voluiffe.
818 3338 1054 3414 a⁰F0lliculi
1069 3342 1279 3439 pulverem
1297 3343 1409 3417 suum
1428 3343 1614 3447 spargere
1628 3368 1675 3418 ac
1698 3345 1904 3447 foecundag

199 3471 327 3544 tionis
352 3464 480 3542 adum
504 3469 703 3542 celebrare
726 3466 931 3549 dicuntur,
956 3465 994 3539 ὃ(
1009 3467 1075 3543 vel
1094 3467 1307 3543 necessario
1331 3471 1532 3544 celebrare
1551 3469 1712 3555 debent,
1741 3472 1904 3565 quando

202 3598 345 3670 ovaria
359 3593 537 3669 altissime
558 3595 801 3669 adhucintra
827 3592 1031 3665 involucra
1049 3594 1116 3666 sua
1136 3594 1311 3669 demersa
1330 3595 1438 3669 sunt:
1462 3617 1608 3693 nempe
1628 3619 1677 3669 eo
1701 3606 1906 3695 tempore,

201 3743 284 3819 quo
310 3732 421 3793 certe
444 3723 482 3793 in
505 3742 631 3814 regno
658 3719 869 3812 vegetabili
900 3741 1060 3792 omnem
1095 3718 1430 3796 soecundationem
1460 3722 1575 3818 plane
1602 3723 1753 3795 irritam
1783 3698 1906 3815 atque

202 3845 479 3944 impossibilem
500 3847 664 3923 credere
680 3844 739 3919 sas
758 3843 833 3927 est,
860 3843 1046 3937 liquidem
1064 3855 1155 3918 ante
1173 3832 1421 3943 pubertatem
1439 3846 1696 3932 seminarum,
1721 3848 1742 3917 i.
1760 3870 1793 3921 e.
1811 3855 1907 3922 ante

202 3971 407 4047 delinitam
432 3973 648 4045 erulorum
683 3972 851 4044 sormam
879 3992 924 4041 ac
947 3967 1139 4042 delineata
1169 3970 1259 4045 vasa
1277 3959 1521 4043 'unibilicalia
1553 3971 1709 4047 nullum
1733 3948 1907 4068 peratiae

202 4096 515 4171 soecundationis
531 4098 723 4172 habeatur
742 4095 992 4192 exemplum,
1021 4096 1085 4169 sed
1104 4117 1247 4193 omnesw
1267 4099 1304 4169 in
1328 4120 1379 4169 eo
1397 4096 1643 4169 consentiant
1664 4098 1918 4177 observatio-y

202 4245 298 4315 neS,
335 4222 442 4319 quod
467 4223 681 4297 ovulorum
712 4221 920 4297 delineatio
944 4229 1135 4318 externa,
1167 4222 1329 4320 pollinis
1360 4220 1662 4307 formationem,
1703 4246 1753 4297 ne
1780 4224 1905 4299 dicam

205 4350 503 4452 uplofionem,
527 4346 750 4442 longissimo
770 4348 964 4445 temporis
982 4347 1197 4431 intervallo
1213 4349 1422 4446 praecedat.
1471 4348 1601 4444 Atqui
1618 4372 1721 4425 vero
1738 4348 1906 4427 Musco-

1811 4497 1906 4548 rum

251 4666 299 4747 r.)
316 4665 467 4727 icum
488 4657 511 4721 s.
533 4681 558 4723 c.
581 4680 610 4743 p.
632 4676 677 4720 ar.
1180 4678 1247 4738 gen.
1260 4676 1417 4735 uec-1193.
1460 4656 1734 4723 annualem.
1752 4676 1908 4742 papam,

251 4840 297 4922 2)
317 4837 338 4902 L
361 4861 386 4901 t·
408 4859 438 4924 Po
462 4857 507 4902 12.
1181 4791 1386 4858 lorini«.
1402 4801 1498 4878 pbr.
1508 4794 1589 4879 seqq.

252 5014 294 5096 a)
315 5015 466 5098 Mrcmp
483 5022 546 5080 108·
566 5012 911 5085 D1L2.mtc.129.429.
934 5009 1042 5070 Lirin.
1119 5003 1165 5084 4)
1189 5007 1265 5072 Hist.
1280 5026 1370 5067 mma
1386 5001 1490 5067 frund.
1503 5008 1569 5088 tp.
1583 5020 1623 5079 51.
1637 5001 1720 5088 seqq.
