4852 6062
902 518 1217 603 ¹-.....-··=·..-,
1728 528 1734 531 ’
1828 540 1916 593 xm
1984 546 1985 549 ¹

203 742 298 808 'cum
316 732 454 806 tamen
477 731 604 806 variae
614 727 764 806 ‘dentur
786 725 952 826 plantae,
975 731 1084 813 omni
1107 729 1340 824 genitalium
1358 729 1502 805 umbra
1512 730 1685 829 penitus
1706 731 1747 806 dr
1762 734 1803 806 in
1821 754 1915 832 per·

208 871 379 960 petrum
400 856 605 935 destinatae.
657 854 714 929 Ut
732 857 854 950 igitur
877 856 1011 952 spuria
1030 857 1099 932 illa
1115 859 1278 943 semina,
1299 880 1380 958 pro
1402 854 1568 959 instituti
1588 857 1713 935 nostri
1732 859 1873 959 scopo,
1892 883 1916 934 a
2036 879 2038 883 ·

214 989 401 1080 genuinis
422 994 737 1066 removeantur3
761 983 940 1080 plantas,
967 986 1110 1077 quibus
1130 986 1347 1076 inhaerent,
1372 1005 1480 1057 nunc
1501 985 1683 1061 breviter
1704 1009 1916 1083 percurre·

212 1135 325 1199 mus,
352 1134 571 1208 earumque
591 1123 726 1210 partes
742 1111 1060 1210 propagationis,
1085 1111 1297 1186 secundum
1319 1113 1513 1209 principia
1529 1110 1647 1209 supra
1665 1110 1851 1197 stabilita,
1877 1113 1918 1188 dr
1974 1191 1978 1201 ,

210 1249 407 1335 quantum
427 1263 502 1339 per
524 1238 822 1314 observationes
843 1246 963 1331 atque
993 1239 1273 1334 experimenta
1296 1237 1399 1311 circa
1415 1237 1504 1311 illas
1526 1234 1727 1339 hactenus,
1742 1226 1918 1314 instituta

210 1367 362 1459 licebit,
387 1367 435 1442 ad
457 1367 650 1441 trutinam
667 1363 967 1456 revocabimuS,
990 1385 1090 1458 quo,
1117 1364 1186 1441 vel
1210 1372 1340 1437 totum
1361 1363 1526 1455 genuini
1545 1363 1704 1439 seminis
1722 1340 1917 1442 acervum

211 1516 234 1568 a
266 1495 494 1591 peregrinis
533 1492 772 1589 corporibus
808 1490 987 1567 fistamus
1017 1512 1190 1588 purum,
1242 1490 1311 1565 vel
1337 1486 1470 1563 saltem
1511 1492 1689 1564 monitos
1727 1491 1916 1568 faciamus

212 1615 331 1701 alios,
365 1619 432 1692 ubi
453 1617 604 1695 nodum
620 1615 710 1717 ipli,
725 1617 795 1727 'ob
817 1619 1194 1721 experimentorum
1218 1614 1434 1705 defettum,
1470 1618 1633 1724 penitus
1654 1617 1811 1696 solvere
1831 1641 1916 1694 non

212 1747 448 1842 poterimus.

308 1960 423 2038 Inter
443 1982 568 2061 puras
588 1963 746 2063 plantas
769 1961 1082 2063 gemmiparasl
1111 1960 1336 2057 asexuales,
1378 1959 1497 2058 Frugi
1502 2023 1513 2056 ,
1552 1964 1730 2062 primum
1759 1968 1918 2038 meren·

214 2097 281 2165 tur
299 2091 445 2167 locum.
490 2082 597 2164 Sunt
613 2091 813 2185 equidem,
840 2093 908 2185 qui
925 2088 1258 2165 cumM1c1reL10
1278 2087 1344 2187 (1)
1356 2112 1456 2165 vera
1471 2091 1530 2164 eis
1545 2090 1723 2165 tribuant
1737 2088 1919 2189 staminar
2007 2140 2011 2147 -

211 2216 304 2291 sunt
319 2218 459 2298 etiam,
485 2218 555 2309 qui
577 2237 668 2290 cum
694 2216 933 2294 Hsowrruo
956 2214 1040 2315 (a.)
1063 2215 1276 2290 reticulum
1304 2215 1441 2292 volvae
1466 2238 1543 2315 pro
1568 2208 1740 2314 masculo
1762 2236 1917 2309 organo

211 2341 407 2427 habeant;
432 2340 472 2415 δι
486 2342 577 2416 sunt
595 2342 765 2437 denique
780 2345 848 2437 qui
865 2366 954 2418 cum
973 2342 1302 2417 Kornneurrro
1320 2338 1387 2439 (3)
1409 2340 1457 2417 ad
1471 2341 1693 2419 abscondita
1708 2324 1813 2427 intra
1828 2366 1919 2419 cor-

211 2470 331 2543 ticem
347 2469 440 2547 vasa
463 2466 696 2565 spermatica
708 2467 950 2565 confugiant.
1001 2466 1081 2543 Sed
1101 2468 1265 2543 stamina
1287 2470 1327 2540 in
1344 2467 1481 2563 fungis
1497 2470 1642 2547 frustra
1661 2470 1809 2567 quaeri,
1835 2493 1920 2546 cer·

211 2604 318 2679 tum,
347 2592 387 2668 dr
403 2618 426 2669 a
441 2590 712 2672 Scflmrreuo
726 2595 801 2695 (4)
822 2594 1135 2670 demonstratum
1153 2593 1227 2678 est3
1253 2590 1482 2671 Reticulum
1496 2606 1630 2672 autem
1644 2620 1719 2674 nec
1734 2599 1921 2673 omnibus

212 2730 467 2819 competere,
503 2744 578 2797 nec
611 2745 701 2797 cum
733 2722 913 2816 granulis
941 2723 1068 2796 ullum
1099 2722 1246 2796 habere
1275 2718 1384 2817 polle
1408 2726 1710 2820 commercium,
1746 2724 1922 2801 ocularis

213 2847 429 2942 quemlibet
449 2847 567 2924 docet
588 2845 792 2948 inspedti03
828 2847 868 2923 δι
887 2848 1055 2924 mascula
1079 2848 1250 2942 denique
1278 2848 1442 2921 corticis
1463 2846 1612 2944 officia,
1651 2860 1699 2926 ut
1723 2853 1815 2928 statis
1830 2853 1922 2929 sunt

212 2976 416 3072 precaria,
441 2976 494 3048 ita
513 2996 677 3069 quoque
702 2976 742 3047 in
758 2974 895 3048 multis
918 2982 1058 3073 aperte
1077 2974 1214 3049 forent
1230 2970 1464 3047 frustranea.
1513 2972 1572 3049 Et
1586 2968 1809 3056 frustranea
1830 2981 1921 3057 sane

213 3102 347 3176 omnis
369 3120 530 3195 quoque
549 3098 621 3173 alia
641 3098 900 3203 foecundandi
912 3103 1014 3175 ratio
1041 3098 1233 3176 censenda
1248 3097 1324 3182 est,
1350 3119 1601 3196 quaecunque
1619 3102 1755 3201 fungis
1770 3108 1921 3184 tribue.

213 3235 300 3313 tur,
327 3225 646 3321 quandoquidem
668 3248 752 3300 non
773 3250 828 3301 ex
851 3229 963 3304 veris
984 3226 1210 3307 seminibus,
1243 3221 1307 3298 sed
1325 3247 1380 3296 ex
1406 3229 1529 3301 meris
1553 3235 1723 3323 gemmis
1746 3235 1922 3313 soboles-

215 3362 316 3427 cant
366 3350 470 3427 Nam
497 3353 699 3443 venditata
717 3376 794 3452 pro
840 3352 1054 3427 seminibus
1086 3350 1271 3445 granula,
1305 3374 1360 3424 ex
1389 3352 1468 3449 ipsa
1509 3352 1729 3451 fungorum
1751 3360 1924 3437 medulla

217 3481 426 3562 oriuntur,
466 3499 521 3553 ex
552 3479 634 3553 solo
670 3477 882 3552 cortice&
907 3476 1077 3551 medulla
1109 3485 1427 3575 componuntur,
1464 3501 1528 3564 ac,
1561 3483 1669 3576 quod
1701 3496 1819 3585 caput
1847 3487 1923 3575 est,

216 3605 299 3704 ipso
333 3605 429 3680 solis
459 3604 630 3697 gemmis
665 3606 788 3701 privo
814 3603 933 3678 modo
973 3605 1243 3705 evolvuntur:
1283 3603 1377 3678 dum
1413 3604 1488 3678 scil.
1513 3608 1819 3687 manifestiffime
1847 3636 1924 3689 no-

214 3752 310 3806 vam
336 3729 550 3807 radiculam
571 3731 597 3804 1.
620 3732 811 3806 nutritios
831 3729 1017 3813 tubulos,
1042 3752 1099 3803 ex
1118 3732 1395 3824 integumento
1417 3732 1488 3807 suo
1519 3738 1690 3834 proprio
1719 3738 1926 3818 derivatos

215 3857 303 3957 (t),
328 3858 537 3952 eidemque
558 3859 790 3939 continuos,
825 3856 895 3931 sub
926 3857 1217 3950 germinatione
1244 3865 1463 3954 promunt,
1510 3880 1555 3930 ac
1574 3868 1659 3933 tota
1682 3858 1748 3935 sua
1770 3864 1927 3960 reliqua

217 4006 431 4083 compage,
463 3981 645 4076 aequabili
669 3986 846 4056 omnium
868 3983 1041 4081 partium
1068 3968 1335 4068 incremento,
1372 3984 1412 4055 in
1433 3980 1604 4058 formam
1629 3989 1825 4066 matribus
1845 3992 1926 4069 suis

216 4109 452 4185 simillimam
468 4107 681 4185 feruntur:
707 4107 814 4182 unde
828 4109 1044 4183 meridiano
1059 4108 1139 4182 sole
1153 4109 1318 4198 clarius,
1344 4106 1450 4206 quod
1462 4109 1631 4206 granula
1644 4110 1731 4200 ista,
1756 4113 1805 4191 de
1821 4143 1927 4202 vero

1083 4234 1111 4310 b
1133 4255 1153 4326 3
1194 4222 1198 4231 ’
1775 4240 1926 4320 semine

307 4455 349 4539 ι.)
369 4458 445 4518 Gen.
470 4471 546 4516 nov..
563 4471 593 4537 p.
616 4467 674 4530 117.
697 4465 718 4515 t.
733 4456 779 4527 65.
794 4448 817 4515 f.
831 4453 863 4519 C.
878 4448 912 4520 C.
955 4456 1055 4517 Grei-
1131 4452 1179 4534 4.)
1201 4448 1376 4533 Vorl'luffig.
1393 4452 1543 4518 brubach.
1561 4474 1591 4538 p.
1606 4470 1649 4533 17.
1691 4456 1833 4524 Annius.
1855 4457 1929 4531 fen,

371 4584 482 4634 curru.
497 4567 634 4646 Anhang.
649 4584 678 4651 p‘
696 4564 880 4644 8.t.4f.6.
894 4587 924 4655 7.
964 4614 967 4619 «
1201 4587 1224 4629 ι.
1245 4588 1275 4652 p.
1294 4580 1363 4637 ara.

303 4727 350 4809 a.)
374 4728 555 4787 Commeat·
580 4718 648 4806 lips.
676 4720 744 4786 Vol.
778 4724 912 4789 xxvul·
940 4744 970 4815 p.
993 4730 1056 4792 160.
1170 4788 1172 4793 ,

370 4841 522 4903 xpum
539 4837 817 4923 &irrumpant
833 4863 863 4926 P,
877 4861 907 4917 4·
995 4910 1001 4917 ⁶
1133 4790 1180 4873 ⁵·)
1198 4788 1311 4865 Mmli.
1334 4808 1404 4869 νῆα
1423 4804 1447 4854 ¹·
1465 4805 1511 4869 73·
1533 4804 1585 4867 74
1606 4798 1652 4859 80·
1671 4798 1715 4862 ta
1769 4793 1925 4861 Scurra

1204 4901 1385 4967 Gicbtschw.
1409 4919 1431 4968 t.
1452 4927 1476 4969 1.
1491 4908 1595 4995 frug.
1611 4904 1714 4975 δονεῖ,
1733 4917 1755 4968 t.
1774 4914 1839 4986 196.
1861 4927 1926 4989 197.

295 5012 338 5094 3.)
359 5009 517 5080 Entdeckt.
533 5010 693 5081 cetuna.
704 5027 812 5107 p2'125.
1205 5028 1264 5096 19⁸.
1292 5019 1349 5082 dtr.
