4852 6062
929 522 1237 583 m
1822 510 1937 569 8le

336 724 514 805 Numeri.
533 726 794 806 inconstantia
820 722 949 826 major
969 731 1046 816 eis,
1082 736 1175 809 naal
1205 724 1408 831 saepiisune
1427 733 1466 806 in
1490 738 1649 807 maturo
1672 723 1810 805 nouo
1839 745 1934 825 pau·

235 855 349 927 ciora
373 857 508 930 ovulis
527 856 881 954 deprehenduntur
900 858 1077 932 senrina:
1100 858 1212 934 unde
1227 857 1362 931 salsum
1383 857 1638 952 quandoque,
1674 856 1722 932 de
1746 852 1934 951 generice
1965 947 1968 951 .

234 980 466 1059 charaitere
486 994 528 1057 et
547 1006 644 1058 vera
661 982 886 1080 plantarum
901 982 1108 1068 affinitate,
1132 978 1476 1076 serturjudicinm.
1539 981 1598 1057 lta
1617 980 1819 1076 Lagoeciae
1837 999 1934 1053 ova·

237 1111 301 1183 ria
329 1110 458 1183 omma
487 1108 526 1181 ἃ
548 1106 836 1202 Halielquistiae
862 1115 983 1185 etiam
1009 1112 1143 1184 omnia
1165 1112 1323 1193 ovaria,
1377 1128 1460 1183 non
1487 1110 1672 1205 exceptis
1700 1105 1935 1195 radialibuS,

234 1235 543 1312 constantiffime
565 1235 721 1309 duobus
742 1235 891 1309 scatent
915 1236 1067 1319 ovulis,
1104 1235 1176 1310 etii
1198 1238 1364 1310 unicum
1386 1235 1520 1311 saltem
1547 1232 1756 1332 perficiant
1783 1233 1935 1309 semen:

236 1382 365 1457 quare
387 1359 579 1457 Logoecia
598 1382 810 1459 perperam
831 1384 886 1434 ex
909 1359 1246 1445 umbelliferarum
1267 1370 1374 1436 ooetu
1395 1360 1624 1453 deturbata,
1653 1356 1934 1455 &Halselqui

238 1487 329 1572 stia,
362 1486 464 1563 male
490 1483 729 1581 aTordyiio
747 1485 988 1561 avulsasuit.
1037 1485 1186 1561 Betula
1213 1487 1367 1586 semper
1388 1487 1488 1569 duo,
1525 1467 1712 1581 Quercus
1735 1486 1829 1570 sex,
1862 1483 1935 1560 Fa·

238 1633 321 1709 gus
339 1613 379 1689 δι
398 1611 590 1689 Castanea
607 1611 813 1687 duodecim
831 1612 859 1687 l.
877 1608 1110 1696 cstodecim,
1136 1610 1440 1712 Caryophyllus
1461 1612 1576 1710 supra
1599 1613 1762 1706 triginta
1782 1610 1822 1686 ὁ(
1842 1609 1935 1686 Me·

238 1737 462 1835 trofideros
483 1736 570 1812 sere
591 1738 891 1841 innumerabilia
908 1739 1125 1837 proferunt
1144 1738 1291 1845 ovuia3
1316 1748 1358 1811 at
1372 1738 1411 1813 in
1433 1736 1620 1810 omnibus
1641 1737 1720 1821 his,
1745 1733 1939 1812 rarissimc

238 1875 375 1937 tamen
395 1884 477 1936 uno
489 1862 623 1960 plura,
649 1864 688 1936 in
702 1873 790 1939 toto
809 1861 940 1939 frusiu
956 1865 1221 1963 perficiuntur
1238 1864 1392 1938 semina.
1444 1859 1501 1935 Et
1523 1864 1577 1933 ita
1600 1882 1762 1957 quoque
1784 1862 1823 1935 in
1848 1863 1938 1961 plu-

238 1991 356 2064 rimis
377 1989 486 2071 aliis,
523 1988 675 2082 aliquot
697 1990 817 2065 ovula
833 1990 946 2075 elidi,
983 1994 1143 2065 minime
1167 2011 1324 2071 rarum3
1348 1984 1430 2062 'sed
1453 1987 1490 2062 id
1513 1997 1652 2060 notatu
1669 1988 1832 2083 dignum
1862 1980 1937 2072 est,

239 2115 349 2209 quod
375 2116 415 2187 in
437 2116 525 2190 aliis
546 2118 709 2213 penitus
729 2114 1002 2202 destruantur,
1028 2119 1068 2191 in
1088 2111 1176 2189 aliis
1196 2134 1299 2187 vero
1313 2112 1448 2189 saltem
1465 2108 1719 2187 suffocentur.
1752 2113 1798 2190 ln
1811 2115 1939 2212 priori
2020 2195 2028 2211 ,

240 2240 351 2333 casu,
377 2234 493 2335 cnjus
518 2241 704 2339 exempla
728 2239 1051 2340 Caryophyllus,
1078 2239 1207 2324 Thea,
1233 2236 1410 2313 Nitraria
1425 2237 1494 2313 &c
1510 2238 1710 2337 praebent.
1737 2261 1817 2314 non
1834 2238 1940 2317 aliud

238 2365 361 2441 datur
378 2366 598 2441 remedium
622 2366 843 2442 naturalem
869 2368 1060 2444 serninum
1084 2364 1351 2460 cognoscendi
1375 2350 1611 2450 ncrnrerum,
1644 2364 1713 2440 nili
1735 2377 1782 2440 ut
1799 2348 1938 2439 imula·

239 2502 381 2565 turum
406 2492 631 2591 inspiciatur
654 2496 850 2595 ovarium.
900 2493 946 2569 ln
970 2491 1096 2568 altero
1120 2476 1277 2577 autem,
1308 2490 1463 2589 semper
1479 2491 1693 2565 ovnlorum
1715 2491 1940 2567 rudimenta
2029 2568 2031 2573 ⁴

241 2616 474 2716 supersunt,
511 2641 566 2694 ex
594 2620 740 2714 quibus
765 2642 909 2698 verum
929 2641 1146 2695 numerum
1168 2616 1289 2718 pollis
1311 2638 1580 2711 cognoscere:
1619 2616 1670 2691 fic
1691 2621 1731 2723 in
1764 2615 1938 2702 Elaeide,

235 2740 499 2837 Flagellaria,
525 2743 657 2821 Cocco
680 2745 751 2820 &c
770 2747 930 2821 unicum
950 2745 1108 2839 quidem
1125 2747 1162 2819 in
1179 2738 1309 2817 frusta
1326 2742 1475 2835 semen,
1504 2741 1565 2818 sed
1590 2753 1741 2841 praeter
1771 2741 1834 2825 id,
1859 2742 1939 2819 duo

241 2890 405 2964 quoque
433 2871 554 2944 ovula
573 2868 689 2954 cassa,
739 2873 777 2944 in
803 2871 882 2947 suis
907 2870 1203 2954 loculamentis,
1248 2866 1550 2944 constantissime
1572 2873 1851 2967 reperiuntur;
1899 2870 1940 2944 in

241 2991 387 3075 Dalea,
427 2992 525 3069 ficut
546 2997 583 3069 in
603 2994 810 3090 Lagoecia,
852 2995 1020 3072 ovulum
1045 2993 1228 3077 effoetum
1253 2995 1365 3067 lateri
1393 2993 1550 3070 seminis
1575 2997 1719 3069 rnaturi
1745 2995 1940 3085 adhaeret3

242 3118 348 3194 &in
375 3117 567 3206 Canario,
603 3118 800 3221 Spondia,
833 3118 1023 3234 iVlespilo,
1069 3117 1336 3195 Eiaeodendro
1360 3116 1431 3192 &c
1453 3121 1555 3191 intra
1580 3117 1776 3213 singulum
1794 3119 1942 3198 iocula-

243 3254 445 3329 mentum,
467 3240 585 3341 juxta
598 3257 797 3322 maturum
821 3246 977 3335 semen,
1020 3244 1188 3320 ovnlum
1208 3266 1369 3339 quoque
1381 3232 1522 3318 caffum
1538 3248 1796 3344 conspicitur:
1836 3249 1942 3326 unde
2062 3344 2065 3349 μ

238 3374 287 3443 in
306 3369 371 3444 his
390 3380 433 3445 et
449 3372 586 3446 multis
599 3372 687 3447 aliis
706 3391 898 3447 numerus
919 3371 1138 3445 ovulorum
1156 3391 1238 3444 non
1259 3380 1456 3456 mutatur,
1497 3375 1687 3467 quamvis
1705 3396 1787 3448 non
1806 3380 1941 3452 omnia

240 3492 484 3570 adolescant

345 3772 409 3849 De
434 3775 600 3871 reliquis
622 3762 839 3852 ovuiornm
867 3773 1120 3875 qualitatibus
1139 3774 1341 3856 externis,
1379 3775 1493 3862 nihil,
1527 3786 1799 3877 praeterquam
1821 3783 1872 3859 de
1891 3782 1939 3857 fi-

244 3921 368 3994 gura,
400 3900 586 3976 dicemus.
642 3900 834 3997 Figuram
863 3922 1007 3998 nempe
1029 3899 1243 3975 ovuiornm
1271 3902 1426 3998 semper
1453 3901 1596 3980 debere
1620 3907 1865 4002 aliquantum
1891 3909 1940 3984 ab

246 4026 314 4099 illa
333 4026 491 4101 seminis
511 4033 656 4104 maturi
679 4028 862 4120 differre,
889 4026 967 4125 ipsa
983 4012 1085 4099 ratio
1105 4023 1273 4100 diititat:
1303 4027 1394 4099 hinc
1411 4049 1465 4102 ex
1493 4030 1628 4106 ovulis
1650 4032 1939 4119 uniformibus,

245 4162 469 4226 nascuntur
493 4153 636 4226 semina
666 4154 870 4249 anguium,
909 4174 964 4224 ex
987 4152 1198 4242 teretibus,
1234 4160 1374 4235 ovata,
1407 4176 1463 4227 ex
1489 4159 1639 4242 ovatis,
1673 4160 1850 4254 globosa,
1884 4185 1940 4237 ex
1970 4202 1972 4205 ·

244 4275 450 4371 globosis,
473 4277 722 4360 reniformia,
747 4278 787 4352 &
807 4277 859 4352 fic
885 4297 1018 4374 porro.
1071 4270 1150 4350 Sed
1172 4285 1324 4374 praeter
1349 4278 1453 4370 haec,
1478 4281 1616 4357 accidit
1636 4304 1940 4381 nonnunquam,

243 4410 295 4474 ut
314 4401 435 4474 ovula
456 4401 638 4498 partibus
660 4403 891 4497 quibusdam
913 4396 1099 4476 instrusta
1126 4399 1219 4484 sint,
1247 4425 1339 4496 quae
1361 4405 1398 4476 in
1425 4406 1585 4480 maturo
1607 4407 1754 4485 semine
1778 4416 1937 4510 penitus

243 4525 457 4609 deficiunt3
483 4534 554 4600 aut
573 4528 689 4602 versa
709 4531 820 4610 vice,
848 4537 895 4602 ut
914 4531 953 4603 in
976 4529 1143 4602 maturis
1161 4526 1371 4602 seminibus
1388 4540 1524 4625 partes
1545 4537 1817 4630 reperiantur,
1842 4561 1938 4633 qua·

243 4673 339 4724 rum
369 4653 409 4723 in
434 4652 558 4725 ovulo
582 4676 635 4727 ne
661 4654 869 4747 vestigium
897 4656 1054 4749 quidem
1079 4654 1221 4733 adsuit,
1263 4648 1385 4727 Prius
1410 4658 1590 4753 apprime
1616 4679 1752 4735 rarum
1780 4663 1852 4744 est,
1898 4679 1940 4740 et

240 4778 327 4851 huc
349 4775 493 4851 referri
517 4777 676 4875 possunt
697 4780 936 4877 appendices
955 4792 1015 4854 'ac
1036 4776 1293 4877 proboscidas
1325 4774 1424 4862 iliae,
1477 4747 1634 4875 quasin
1656 4786 1790 4862 ovulis
1815 4785 1939 4885 Fagi,

241 4898 469 4994 Castaneae,
509 4899 678 4999 Leucoji
696 4905 809 4989 verm,
850 4905 1095 5001 aliarumque
1116 4907 1341 5008 reperimus
1366 4898 1518 4999 &quae
1538 4930 1614 5006 per
1631 4917 1938 4991 maturationem

1027 5088 1029 5093 -
1090 5051 1119 5128 g
1272 5106 1278 5117 ,
1463 5106 1467 5113 .
1717 5039 1940 5159 Ι,ΐειηίηἰε
