4852 6062
1887 496 1918 553 V

210 677 387 769 sontem,
412 692 503 748 cum
530 670 694 747 Hunno
719 669 795 771 (1.)
813 670 1008 765 statuunt,
1034 691 1256 766 omnesque
1281 692 1336 746 ex
1361 693 1406 751 ea
1428 673 1509 749 sola
1528 697 1707 769 gemmas
1728 678 1917 758 scaturire

212 806 369 883 volunt.
420 797 525 875 Haec
549 800 749 898 posterior
770 799 963 874 sententia
986 801 1151 890 omnino
1180 800 1347 893 reliquis
1376 801 1564 899 praeferri
1595 814 1797 891 meretum
1832 829 1918 885 non

214 932 339 1008 solum
359 932 452 1024 quia
472 928 687 1003 medullam
713 922 846 1001 {triste
868 923 919 997 sic
938 921 1077 999 distam
1097 927 1260 1023 penitus
1281 927 1520 1003 excludit&
1544 938 1733 1024 tanquam
1765 955 1919 1012 meram

214 1066 422 1133 texturam
450 1053 674 1130 cellulosam
698 1049 797 1150 (a),
834 1050 1063 1125 inertem&
1095 1051 1144 1125 ad
1173 1052 1475 1149 producendum
1505 1077 1654 1153 corpus
1685 1062 1919 1153 organicum

213 1184 330 1281 plane
347 1185 520 1277 ineptam
536 1175 687 1276 rejicit;
711 1178 776 1253 sed
793 1176 833 1251 δι
851 1179 943 1270 quia
956 1176 1142 1252 omnibus
1154 1199 1198 1250 ac
1211 1174 1374 1272 fingulis
1386 1181 1654 1279 producendis
1668 1204 1922 1275 gemmarum

212 1310 417 1408 speciebus
443 1307 629 1399 satisfacit
655 1316 773 1400 atquc
808 1305 849 1376 in
882 1304 961 1401 ipsa
992 1306 1245 1403 experientia
1273 1307 1352 1378 rite
1372 1305 1534 1381 fundata
1561 1308 1627 1386 est.
1678 1306 1789 1383 Nihil
1810 1316 1919 1389 enim

214 1438 342 1528 magis
369 1433 636 1526 manifestum,
668 1454 786 1527 quam
807 1429 916 1524 quod
942 1450 1083 1505 omnes
1110 1451 1280 1523 gemmae
1303 1431 1533 1530 compositae
1561 1438 1602 1507 in
1625 1434 1830 1511 substantia
1855 1438 1920 1515 illa

215 1562 354 1646 molli,
377 1584 433 1634 ex
447 1559 552 1634 vafis
566 1560 771 1656 spiralibus
789 1558 828 1631 ὃ(
843 1556 1067 1645 succulento
1086 1557 1397 1653 parenchyrnate
1415 1561 1607 1644 excitata,
1633 1583 1724 1654 quae
1746 1564 1787 1635 in
1808 1568 1919 1639 omni

214 1690 352 1788 planta
373 1688 440 1763 sub
471 1687 619 1759 cortice
637 1668 808 1759 'interno
827 1682 977 1766 haeret,
1003 1681 1186 1754 radicatae
1207 1680 1285 1756 iint
1311 1706 1465 1758 aecum
1489 1686 1624 1762 eadem
1650 1710 1775 1762 unum
1800 1691 1916 1765 indis

215 1825 370 1890 cretum
400 1835 548 1911 corpus
572 1812 764 1892 efficiant3
804 1808 918 1882 &ita
941 1810 1059 1881 etiam
1088 1804 1185 1879 nihil
1209 1811 1335 1902 magis
1363 1809 1626 1906 luculentum,
1668 1838 1788 1909 quam
1810 1817 1918 1909 quod

215 1963 358 2017 omnes
371 1962 532 2035 quoque
547 1960 716 2032 gemmae
730 1935 989 2033 simpliciores
1006 1957 1060 2008 ex
1075 1931 1213 2006 eadem
1232 1933 1310 2031 ipsa
1326 1936 1534 2011 substantia
1554 1948 1679 2014 totam
1700 1939 1788 2016 sere
1808 1943 1918 2019 suam

213 2067 362 2142 molem
384 2077 505 2160 atque
521 2064 693 2138 sormam
715 2064 1006 2139 nanciscantur.
1059 2056 1157 2135 Sive
1176 2063 1298 2154 igitur
1314 2061 1422 2136 istam
1443 2064 1710 2159 substantiam,
1736 2090 1916 2153 carnem,

214 2193 297 2267 sive
327 2194 481 2287 lignum
515 2189 726 2280 tenellum,
763 2188 829 2261 seu
858 2186 1028 2281 denique
1053 2187 1267 2262 medullam
1297 2197 1519 2275 recentem,
1553 2203 1623 2266 aut
1649 2194 1782 2269 latiori
1808 2194 1918 2268 sensu

211 2320 400 2409 sumtam,
426 2317 630 2414 appellare
650 2315 827 2397 libuerit,
851 2315 889 2387 id
910 2311 1067 2407 quidem
1082 2314 1270 2411 perinde,
1295 2315 1359 2389 sed
1383 2315 1419 2388 id
1439 2319 1653 2392 axiomatis
1667 2319 1756 2392 loco
1774 2320 1919 2392 haben·

212 2445 307 2520 dum
329 2447 426 2526 erit,
452 2442 560 2537 quod
585 2440 729 2514 easola
752 2440 938 2514 omnibus
957 2441 1126 2533 gemmis
1142 2441 1269 2535 prima
1298 2441 1491 2534 largiatur
1513 2445 1640 2527 initia,
1670 2442 1838 2540 &quod
1863 2467 1917 2525 ex

212 2571 293 2670 ipsa
311 2570 393 2644 sola
411 2572 587 2668 primum
610 2560 883 2661 cujuscunque
902 2566 1104 2660 germinis.
1114 2564 1304 2664 procedat
1317 2566 1466 2642 stamen
1487 2570 1642 2644 vivum.

309 2791 545 2902 Ubicunque
573 2808 697 2900 igitur
722 2808 896 2880 recentis
926 2804 1031 2881 illius
1058 2805 1243 2880 medullae
1265 2806 1292 2882 s.
1327 2811 1475 2903 carnis,
1501 2811 1541 2882 in
1576 2806 1745 2902 quadam
1768 2809 1918 2907 plantae

209 2945 350 3035 parte,
373 2935 570 3009 sufficiens
587 2932 716 3008 aderit
729 2936 951 3028 quantitas,
979 2932 1029 3004 ibi
1048 2954 1226 3026 quoque,
1252 2933 1334 3009 solo
1354 2935 1575 3033 opitulante
1596 2935 1709 3009 succo
1732 2938 1917 3021 nutritio,

211 3084 370 3157 gemma
388 3064 497 3136 nasci
517 3042 685 3158 poterit:
712 3058 752 3133 dc
767 3055 952 3141 vicissim,
970 3056 1195 3151 ubicunque
1210 3062 1443 3151 organicum
1464 3083 1634 3162 corpus,
1658 3086 1682 3135 a
1700 3057 1856 3135 Natura
1877 3064 1918 3134 in

210 3190 544 3288 propagationem
574 3186 716 3282 speciei
749 3181 1004 3268 destinatum,
1043 3208 1098 3257 ex
1124 3185 1203 3283 ipsa
1233 3186 1382 3282 plantae
1413 3209 1551 3268 carne,
1591 3190 1673 3262 solo
1704 3184 1918 3261 famulante

211 3317 381 3419 nutritio
395 3311 530 3395 latice,
559 3318 740 3391 enatum,
761 3307 1063 3406 persestumque
1076 3309 1217 3395 fuerit,
1244 3312 1293 3385 ibi
1306 3333 1503 3404 gemmam
1521 3323 1675 3388 enatam
1692 3321 1783 3386 tuto
1798 3312 1916 3397 dices,

212 3461 465 3534 quaecunque
489 3440 608 3511 etiam
628 3434 751 3511 suerit
776 3433 886 3509 istius
907 3437 1092 3533 corporis
1108 3433 1251 3510 fabrica
1263 3447 1383 3530 atque
1406 3439 1538 3532 figura
1554 3451 1736 3516 externa
1788 3439 1916 3534 Hinc,

212 3563 415 3664 respestu‚
434 3573 550 3639 ortus
564 3562 600 3635 id
626 3558 810 3634 G'emmae
829 3563 992 3657 privum
1010 3561 1218 3636 statuimus
1232 3574 1352 3656 atque
1367 3566 1556 3664 princeps
1576 3589 1598 3638 a
1619 3567 1763 3641 sernine
1780 3565 1917 3641 discri-

211 3714 318 3776 men,
343 3690 451 3786 quod
464 3688 528 3762 illa
545 3710 600 3762 ex
612 3689 778 3784 propria
789 3684 829 3759 dc
845 3690 1032 3760 continua
1047 3687 1117 3763 fibi
1129 3691 1272 3761 matris
1283 3711 1402 3763 carne
1413 3702 1642 3775 enascatur3
1668 3691 1761 3765 dum
1777 3702 1917 3763 contra

210 3824 253 3893 in
279 3820 438 3894 seminis
454 3810 585 3909 genesi
601 3810 797 3886 necessum
813 3811 880 3896 fit,
903 3822 949 3887 ut
972 3815 1077 3886 intra
1092 3814 1305 3911 peculiaria
1321 3817 1601 3913 conceptacula
1617 3816 1656 3889 δι
1676 3840 1699 3890 a
1722 3817 1916 3915 peculari-

211 3948 288 4021 bus
317 3944 498 4038 organis,
529 3933 737 4014 novillima
762 3948 880 4033 atque
910 3939 933 4013 a
962 3949 1141 4016 materna
1170 3935 1446 4013 distinstiffima
1468 3940 1713 4038 producatur
1736 3939 1916 4016 medulla

211 4070 349 4165 Ergo,
373 4066 691 4165 ficonceptacula
708 4065 908 4165 capiendae
924 4088 1046 4142 novae
1067 4062 1268 4146 medullae,
1290 4063 1485 4159 fiorgana
1504 4065 1630 4140 eidem
1648 4067 1917 4166 producendae

211 4201 341 4298 paria,
366 4193 513 4285 verbo,
544 4192 573 4266 ii
596 4193 782 4285 genitalia
804 4215 903 4269 vera
922 4192 1064 4279 desint,
1089 4214 1294 4285 nunquam
1321 4191 1472 4276 semen,
1500 4192 1563 4266 sed
1588 4215 1700 4267 mera
1721 4191 1917 4267 duntaxat

210 4325 365 4425 poterit
380 4321 545 4420 produci
558 4341 733 4414 gemma:
760 4317 914 4412 ergo&
926 4340 1046 4391 omne
1060 4318 1358 4416 propagationis
1370 4338 1588 4411 organum,
1607 4318 1715 4411 quod
1729 4321 1768 4391 in
1783 4320 1917 4416 planta

210 4450 455 4547 genitalibus
464 4446 666 4530 destituta,
691 4454 762 4518 aut
775 4455 893 4518 extra
908 4446 1139 4537 genitalium
1155 4453 1316 4540 tempus
1330 4454 1518 4517 nascetur
1535 4455 1654 4536 atque
1672 4445 1915 4543 perficietur,

210 4580 365 4672 absque
379 4575 461 4650 ulla
476 4572 725 4651 haesitatione
739 4572 788 4647 ad
807 4593 1056 4668 gemmatam
1076 4571 1225 4647 tribum
1245 4570 1323 4644 erit
1340 4568 1641 4646 amandandum.
1810 4666 1856 4743 H

1856 4691 1915 4747 aec

301 4851 794 4939 u)iscgctah.srli.p.m.141.
870 4872 875 4881 ·
1154 4853 1199 4932 a)
1220 4848 1543 4936 Duunx.l.r.p.71.
1583 4848 1913 4917 ananssamafea

1223 4989 1250 5030 2.
1266 4989 1295 5050 p.
1307 4987 1353 5041 34.
1397 4971 1496 5029 Ηιιι.
1509 4964 1529 5028 Ι.
1545 4988 1569 5028 c.
1585 4984 1643 5039 ¹54·
1658 4968 1715 5026 dcc.
