4852 6062
534 513 667 577 assu
1090 594 1093 598 ι
1322 523 1628 585 22„-

534 728 727 815 seminus,
761 716 1007 828 capitolinas
1036 729 1096 826 (l)
1124 716 1326 806 dixerunt.
1376 725 1543 824 Singula
1567 724 1990 827 harum'opinionum,
2032 723 2121 799 suas
2144 726 2234 819 qui·

536 860 627 935 dem
648 860 833 951 ingentes
850 849 1122 943 difficultates,
1157 868 1232 934 nec
1245 861 1403 956 plenam
1426 859 1507 933 ulla
1525 856 1645 931 habet
1669 852 1966 938 certitudinem,
1991 852 2085 945 quia
2108 853 2233 950 parli-

537 986 723 1062 umulus
747 978 910 1076 liquidis.
932 985 1224 1083 experimentis
1244 985 1377 1060 doceri
1397 986 1559 1078 nequit;
1593 998 1682 1057 eum
1705 982 1902 1057 tamenin
1928 980 2134 1077 plerisque
2153 974 2236 1055 litis

538 1113 725 1210 stirpibus
748 1109 854 1183 haurd
875 1097 1086 1185 difficulter
1108 1112 1397 1204 cognoscatur,
1412 1106 1505 1206 qnid
1529 1126 1665 1185 earum
1683 1106 1841 1181 indoles
1861 1117 1981 1200 atque
2000 1096 2096 1181 vitae
2111 1108 2235 1191 ratio,

539 1238 631 1333 quid
646 1237 809 1333 propria
827 1239 1001 1333 partium
1025 1232 1188 1319 fabrica,
1213 1239 1365 1333 etquid
1382 1230 1496 1320 litus,
1522 1238 1649 1320 locus,
1676 1245 1836 1332 tempus
1853 1240 1927 1307 etc.
1947 1224 2099 1315 serant,
2126 1231 2235 1326 quid·

539 1374 592 1438 te
612 1356 722 1436 ffirre
744 1352 954 1435 recusent?
979 1364 1164 1437 omnibus
1181 1363 1244 1437 his
1267 1363 1567 1437 circumstantiis
1581 1365 1658 1435 rite
1676 1358 1928 1459 ponderatis,
1955 1355 2070 1431 facile
2083 1357 2138 1432 ad
2157 1376 2237 1431 cre·

539 1488 713 1564 sendum
736 1486 983 1569 inducimur,
1010 1487 1139 1580 quod,
1164 1484 1291 1559 iinon
1307 1504 1459 1571 omnes,
1485 1488 1619 1585 potior
1631 1496 1741 1560 certe
1758 1493 2113 1582 cryptogamarum
2129 1482 2238 1581 plan·

539 1624 673 1690 tarum
699 1631 823 1710 pars,
847 1610 1056 1710 aphrodita
1074 1612 1241 1705 gaudeat
1261 1613 1491 1705 genitalium
1510 1612 1673 1704 fabrica,
1700 1620 1742 1686 et
1759 1611 1865 1706 quod
1882 1613 1923 1684 in
1939 1611 2061 1687 variis
2078 1630 2236 1694 mrum,

541 1739 716 1814 absolute
733 1757 816 1811 non
838 1737 933 1823 alia,
959 1757 1079 1830 quam
1097 1739 1161 1811 illa
1180 1739 1258 1836 ipsa
1277 1740 1409 1813 locum
1423 1732 1572 1813 habere
1593 1736 1720 1837 pellit.

544 1970 551 2014 ι
640 1946 718 2040 lta,
743 1947 784 2018 in
804 1946 988 2020 omnibus
1006 1948 1095 2023 veri
1111 1948 1284 2024 nominis
1300 1949 1421 2040 liaris,
1459 1946 1538 2024 sola
1560 1947 1757 2022 habentur
1781 1966 1931 2040 organa
1952 1944 2141 2030 feminea,
2163 1924 2235 2020 ¹in-

542 2081 607 2148 tra
624 2071 829 2147 frondium
844 2075 1034 2148 corticem
1053 2070 1295 2157 abscondita3
1321 2074 1582 2149 masculorum
1598 2082 1730 2149 autem
1747 2072 1844 2146 adeo
1867 2073 2020 2147 nullum
2042 2071 2150 2148 adest
2165 2095 2236 2149 ve·

541 2199 720 2295 nigrum,
743 2208 792 2272 ut
810 2216 861 2275 ne
878 2198 1103 2293 glandulam
1126 2199 1301 2293 quidem,
1323 2201 1562 2298 calyptram,
1586 2199 1840 2297 operculum,
1870 2200 2039 2274 aliamve
2060 2202 2232 2298 particu-

542 2326 621 2401 lam
643 2326 887 2420 organicam,
912 2333 1030 2399 extra
1044 2328 1227 2399 ovarium
1248 2325 1410 2425 politam
1426 2328 1622 2423 reperias,
1656 2327 1719 2400 cui
1737 2322 1902 2400 mascula
1916 2327 2093 2399 tribuere
2114 2322 2235 2424 pollis

542 2453 680 2529 efficia.
730 2446 887 2525 Adsunt
912 2452 1073 2544 quidem
1095 2453 1132 2523 in
1154 2451 1358 2525 nonnullis
1383 2448 1507 2524 Fucis
1527 2452 1677 2535 crines,
1703 2449 1898 2548 simplices
1919 2461 1987 2525 aut
2010 2446 2237 2536 fasciculati,

540 2584 584 2654 et
604 2579 672 2656 vel
690 2578 902 2675 proxime,
936 2574 1000 2652 vel
1020 2572 1274 2649 remotissime
1289 2599 1313 2648 a
1335 2573 1704 2650 frustilicationibus
1728 2572 1864 2673 positi3
1898 2586 1940 2651 et
1964 2588 2109 2649 notum
2128 2590 2235 2670 vquo-

424 2720 435 2739 ·
541 2724 639 2800 que,
665 2703 743 2776 hos
762 2698 865 2799 ipsos
881 2704 1028 2785 crines,
1053 2703 1221 2777 averiis
1246 2697 1337 2797 (a)
1363 2703 1468 2776 inter
1492 2701 1654 2777 starnina
1673 2700 1783 2776 fuisse
1800 2704 1961 2778 relatos.
2012 2696 2092 2775 Sed
2111 2695 2238 2775 restis·

541 2822 1037 2921 slineGnea1nus(3)
1070 2825 1224 2901 docuit:
1261 2828 1394 2902 crines
1426 2825 1514 2901 ilios
1537 2830 1610 2902 vix
1635 2828 1705 2902 sex
1740 2829 1808 2903 vel
1838 2829 1984 2926 septem
2013 2829 2237 2904 numerosae

541 2954 746 3031 Funerum
769 2955 900 3046 gentis
926 2959 1157 3050 competere
1172 2951 1392 3049 speciebusr
1420 2953 1584 3027 eosdem
1603 2954 1644 3026 in
1667 2953 1825 3028 tenellis
1846 2975 1960 3047 aeque
1977 2976 2022 3026 ac
2045 2955 2085 3025 in
2099 2950 2236 3028 decre·

539 3083 636 3182 pitis
660 3081 830 3178 plantis»,
857 3076 1022 3175 perinde
1044 3078 1328 3176 completoque
1348 3074 1550 3175 persestos
1570 3082 1763 3176 reperiri,
1787 3079 1884 3153 licut
1900 3082 1939 3151 in
1959 3081 2234 3172 vegetioribus

541 3205 900 3302 atque-puberibus
920 3202 1033 3301 lplis;
1057 3213 1123 3288 et,
1148 3224 1222 3278 nec
1241 3203 1373 3302 pollen
1398 3208 1439 3278 in
1459 3208 1505 3280 iis
1532 3205 1659 3279 visum
1680 3202 1756 3279 else
1783 3225 1978 3299 unquam,
2010 3227 2085 3278 nec
2109 3205 2236 3280 ullum

542 3326 650 3429 ejus,
680 3340 749 3406 aut
769 3329 983 3405 extrinseci
1002 3328 1227 3426 spermatis,
1259 3328 1343 3410 lesse
1368 3331 1475 3428 poll'e
1497 3331 1626 3413 usum,
1658 3331 1846 3425 siquidem
1861 3334 2017 3415 oraria,
2053 3331 2158 3427 stylo
2176 3340 2235 3406 at-

542 3455 1029 3556 quesiigmate'destltuta,
1057 3457 1160 3528 intra
1178 3455 1378 3530 frondium
1406 3459 1593 3530 corticem
1616 3456 1765 3531 lateant
1789 3467 1831 3529 et
1853 3480 1876 3530 a
1895 3454 2078 3532 contante
2103 3451 2236 3552 cujus·

542 3602 700 3679 cunque
716 3584 899 3680 corporis
920 3584 1105 3655 extranei
1128 3586 1290 3680 penitus
1309 3582 1386 3656 sint
1404 3581 1570 3659 exclusa.
1597 3579 1865 3655 Certiliimum
1885 3583 2094 3676 igiturest,
2130 3583 2237 3678 quod

541 3714 676 3784 crines
707 3709 761 3783 illi
789 3706 959 3798 urascula
984 3718 1134 3801 organa
1162 3706 1238 3784 esse
1271 3719 1490 3803 nequeant;
1531 3721 1573 3781 et
1599 3707 1887 3800 cousequenter
1921 3711 2037 3782 etiam
2065 3720 2238 3806 certum,

541 3836 647 3931 quod
668 3835 733 3909 sibi
758 3835 827 3909 soli
847 3829 1012 3906 renerus
1026 3842 1188 3917 uterus,
1221 3833 1560 3908 foecundationem
1581 3856 1741 3927 quoque
1759 3833 1950 3906 seminum
1968 3816 2161 3932 operetur
2179 3838 2237 3910 so-

541 3963 630 4044 lus;
662 3962 756 4035 dum
784 3959 858 4034 seii.
881 3961 1058 4056 propriae
1077 3959 1157 4033 suae
1176 3961 1477 4054 organisationis
1502 3963 1679 4041 virtute,
1716 3959 1913 4051 liquorem
1938 3962 2122 4058 spermati
2145 3962 2239 4037 mas-

541 4090 676 4162 culino
697 4087 909 4179 analogum
931 4109 954 4159 e
974 4089 1174 4159 communi
1197 4085 1410 4158 humorum
1430 4106 1536 4181 penu
1565 4086 1762 4176 secernat,
1801 4108 1973 4180 eiirnque
2001 4088 2136 4162 ovulis
2156 4096 2238 4160 tra·

542 4217 625 4288 dat:
651 4210 981 4306 quemadmodum
1000 4210 1036 4284 id
1053 4209 1357 4284 luculentissimo
1376 4209 1473 4284 Fuci
1490 4207 1719 4308 seiuginoidir
1735 4208 1803 4306 (4)
1829 4212 2019 4285 docemur
2034 4216 2237 4313 exemplo.

542 4340 700 4416 Premit
730 4360 875 4436 nempe
905 4334 943 4409 F
945 4357 1043 4410 neus
1064 4335 1133 4412 iste
1164 4340 1266 4409 circa
1284 4337 1430 4412 aestatis
1457 4337 1582 4418 initia,
1628 4357 1651 4408 e
1680 4334 1911 4409 soliolorum
1936 4339 2095 4413 filorum
2121 4339 2238 4414 dorso

542 4487 716 4564 parvum
741 4463 935 4558 quoddam
956 4462 1205 4536 tuberculum
1222 4461 1528 4556 subrutundum,
1561 4460 1667 4555 quod
1680 4464 1813 4561 primo
1827 4465 1991 4560 penitus
2009 4466 2174 4551 solidum
2198 4476 2242 4542 et

2023 4578 2028 4595 ’
2062 4588 2241 4687 ejusdem

587 4749 630 4827 r.)
655 4752 790 4808 Annus.
814 4738 885 4805 farn.
901 4763 922 4805 1.
949 4762 979 4826 p.
999 4747 1068 4818 264.
1090 4745 1202 4806 Gnaei.
1227 4741 1295 4805 hin.
1320 4739 1379 4805 fue.
1510 4744 1631 4807 'erim
1650 4738 1958 4824 nllgemein.Magaz.
1979 4740 2049 4808 vol.
2075 4744 2100 4821 5:
2121 4769 2150 4832 p.
2172 4764 2235 4821 320.

657 4881 756 4946 paq,
1481 4916 1484 4919 ,
1521 4872 1589 4921 ta.

587 5006 634 5085 2.)
657 4995 1095 5077 Rnnnnr.Adi.gall.171r.t.
1118 4998 1411 5075 pannonum·
1442 4969 1900 5058 '3·)'fflst·'f⁰‘⁰f··s·9³s⁶qq·
1964 5000 1970 5019 ¹
2016 5000 2031 5037 .·

654 5115 762 5178 adri-t·
781 5127 800 5174 t·
821 5128 845 5184 a·
868 5117 1022 5175 noone.
1044 5112 1115 5176 iam·
1135 5131 1163 5176 2·
1184 5133 1213 5197 p.
1236 5130 1274 5185 u·
1298 5116 1377 5177 Gau·
1447 5117 1498 5194 4.)
1520 5118 1650 5180 Gneo.
1671 5112 1690 5177 l.
1704 5136 1729 5177 c.
1744 5128 1766 5177 r.
1780 5116 1864 5178 nu.
1878 5113 1900 5177 f.
1915 5136 1936 5177 1.
1949 5120 2013 5178 nou
2029 5112 2198 5201 &nuptio
