4852 6062
533 544 685 603 xxvm
1229 536 1536 599 m

534 777 628 833 nam
643 774 788 832 omnes
806 751 971 849 reliquae
991 751 1189 835 antherae,
1214 770 1297 824 uno
1322 751 1431 823 intus
1453 753 1525 827 aut
1538 745 1699 839 gemino
1716 738 1989 819 loculamento
2004 740 2229 819 coulhnter

534 884 774 981 exsculptae,
814 890 932 974 atque
957 903 981 953 e
1009 879 1198 977 peculiari
1222 875 1430 952 substantia
1451 870 1872 970 spongioso·c0riacea
1896 873 1936 946 in
1963 892 2105 945 cavum
2132 888 2228 943 con-

534 1010 780 1108 ceptaculum
801 1006 983 1080 sormatae
1008 1003 1114 1087 saint,
1147 1001 1252 1095 quod
1269 1021 1342 1098 per
1364 1000 1629 1079 maturitatem
1649 998 1772 1081 suam,
1811 1020 1918 1071 nunc
1936 996 2097 1096 simplici
2120 995 2227 1069 sora·

529 1139 639 1210 mine
672 1137 709 1210 in
736 1134 845 1229 apice
872 1130 1048 1212 dehiscit,
1083 1149 1189 1199 nunc
1205 1149 1306 1202 vero
1332 1124 1585 1200 in.valvulas
1610 1123 1775 1196 finditur
1799 1123 2094 1198 &contentum
2122 1125 2226 1194 iutra

533 1264 725 1335 cavitates
750 1259 837 1331 suas
854 1257 1085 1354 pulverem,
1120 1254 1222 1350 saepe
1248 1273 1340 1325 cum
1361 1251 1512 1344 ingenti
1528 1252 1698 1346 impetu,
1730 1251 1921 1348 explodit.
1978 1249 2227 1345 Quocunque

528 1396 663 1461 autem
689 1385 807 1458 modo
832 1376 1054 1455 construsia
1079 1377 1126 1451 sit
1146 1378 1337 1462 anthera,
1363 1380 1552 1475 princeps
1568 1375 1819 1470 estorgauon
1843 1378 2099 1453 secretoriurn
2118 1375 2226 1472 sper-

530 1513 647 1586 matis
672 1510 896 1599 masculini,
940 1507 1088 1602 quippe
1112 1503 1219 1596 quod
1244 1506 1284 1576 in
1311 1504 1497 1578 omnibus
1519 1503 1666 1600 plantis
1679 1498 1983 1608 perfeetioribus
2004 1504 2109 1576 intra
2123 1499 2225 1574 solas
2348 1534 2356 1549 .

528 1637 714 1712 antheras
731 1633 975 1713 elaboratur,
1005 1630 1173 1703 &abiis
1193 1648 1375 1722 quoque,
1406 1627 1435 1701 si
1456 1628 1588 1703 solidae
1608 1626 1778 1710 suerint,
1811 1648 1883 1724 per
1903 1627 2142 1703 insensibiles
2161 1624 2224 1697 su·

528 1763 706 1862 perficiei
724 1759 804 1834 suae
823 1776 967 1859 poros,
991 1757 1124 1831 tenuis
1137 1755 1307 1848 liquoris
1318 1755 1460 1852 specio,
1487 1755 1746 1837 excernitur3
1778 1751 1960 1830 siautem
1978 1750 2055 1834 ssnt
2075 1747 2223 1827 locula-

528 1889 738 1974 mentosae,
764 1908 838 1983 per
858 1892 1016 1982 apertas
1041 1879 1245 1999 valvulas,
1270 1881 1453 1978 pulveris
1471 1881 1623 1964 forma,
1648 1880 1856 1979 spargitur.

575 2103 587 2205 j
620 2098 745 2182 Pallen
769 2120 931 2209 nempe,
970 2095 1077 2192 quod
1103 2092 1361 2193 impalpabilis
1383 2095 1565 2194 pulveris
1596 2094 1762 2194 speciem
1784 2091 1938 2180 refert,
1982 2114 2139 2170 merum
2164 2088 2225 2181 est

526 2252 637 2309 uerae
661 2217 860 2324 geniturae
876 2222 1056 2313 masculae
1073 2220 1319 2306 vehiculum,
1352 2220 1392 2296 δι
1415 2225 1456 2297 in
1476 2222 1659 2299 omnibus
1682 2222 1862 2306 antheris
1878 2222 2047 2319 maturis
2064 2218 2222 2323 reperis

524 2369 612 2442 tur,
651 2362 923 2454 praeterquam
947 2351 985 2422 in
1004 2349 1140 2445 paucis
1165 2345 1241 2421 illis
1260 2346 1408 2431 solidis,
1450 2369 1566 2442 quae,
1604 2357 1652 2423 ut
1676 2347 1794 2423 modo
1818 2349 2011 2441 diximus,
2052 2339 2218 2420 fluidum

523 2481 677 2585 sperma
699 2479 937 2573 largiuntur.
999 2472 1211 2548 Particulis
1238 2461 1391 2547 canstat
1419 2473 1684 2549 minutissimis
1711 2473 1928 2572 &semper
1958 2473 2218 2550 determinate

521 2606 726 2705 figuratis:
750 2615 799 2678 ut
813 2599 1003 2697 globosis,
1027 2600 1176 2682 ovatis,
1201 2599 1403 2697 ellipticis,
1428 2599 1754 2697 subcylindricis,
1787 2603 2050 2699 prismaticis,
2083 2596 2218 2671 cuboi·

520 2738 621 2819 deis,
652 2729 962 2813 trochlearibus,
988 2726 1154 2821 aliisque
1172 2728 1314 2819 variis,
1340 2727 1396 2811 δι,
1422 2727 1529 2822 quod
1548 2735 1686 2802 notatu
1703 2724 1885 2820 dignutus,
1913 2726 2071 2824 saepein
2088 2725 2221 2799 divera

521 2860 670 2938 sissimis
703 2856 937 2952 generibus,
977 2857 1082 2928 inter
1101 2855 1139 2927 se
1160 2850 1376 2927 simillimis.
1431 2849 1599 2926 Fabrica
1627 2852 1881 2948 globulorum
1913 2853 2133 2945 generatim
2161 2871 2216 2922 ex

518 2988 646 3066 tribus
667 2983 922 3082 componitur
942 2980 1139 3079 partibus:
1176 2978 1345 3050 cuticula
1366 2978 1441 3053 scil.
1463 2987 1653 3064 externa,
1678 2989 1872 3054 contextu
1890 2978 2074 3052 celluloso
2093 2979 2220 3049 inter-³

518 3138 592 3217 nc,
617 3111 657 3186 δι
683 3133 842 3186 ceracea
861 3107 1043 3188 materie,
1082 3106 1185 3176 intra
1210 3105 1369 3201 priores
1392 3103 1605 3177 nidulante.
1658 3102 1815 3181 Craticula
1837 3116 1983 3180 externa
2009 3101 2097 3200 (1),
2122 3101 2215 3177 den·

518 3238 686 3314 siuscula
711 3236 768 3310 est
791 3235 1035 3314 membrana,
1069 3252 1160 3324 quae
1182 3228 1344 3301 notabili
1362 3237 1459 3301 tono
1478 3230 1643 3322 gaudet,
1684 3239 1804 3322 atque
1826 3242 1968 3315 extus,
2005 3228 2213 3321 nuncgla-

516 3365 718 3441 briuscula
739 3359 778 3435 δι
800 3358 1038 3457 simplicibus
1060 3356 1170 3453 poris
1188 3354 1363 3451 pertusa,
1402 3378 1509 3430 inum
1536 3366 1669 3429 autem
1688 3355 1862 3429 areolata
1882 3380 1927 3429 ac
1950 3356 2107 3454 papillis
2130 3356 2218 3427 exi·

516 3488 666 3565 sissimis
686 3487 875 3568 scabrata,
915 3484 954 3557 ὅ(
979 3503 1085 3555 nunc
1104 3501 1264 3573 quoque
1281 3480 1426 3577 hispida
1447 3482 1485 3555 δι
1508 3479 1722 3556 urarrisestis
1746 3479 1926 3555 dustibus
1951 3484 2212 3567 excretoriiS,

517 3619 556 3690 in
574 3609 852 3691 minutissimos
877 3609 1080 3683 aculeolos
1097 3607 1299 3698 formatiS,
1339 3607 1512 3701 undique
1535 3609 1742 3692 rnuricata,
1776 3620 1909 3679 cetera
1927 3616 2057 3682 autem
2078 3609 2115 3680 iu
2139 3630 2212 3681 va-

515 3742 587 3819 riis
607 3740 720 3818 varie
739 3738 914 3813 colorata
938 3734 1005 3810 est
1057 3729 1251 3808 Contentus
1278 3728 1452 3829 ressusosur
1473 3735 1730 3831 componitur
1759 3757 1814 3807 ex
1841 3732 1955 3818 fibris
1975 3727 2213 3807 tenuissimis

513 3870 553 3945 &
574 3863 888 3949 contrattilibuS,
931 3884 1023 3957 quae
1047 3859 1187 3935 versus
1206 3867 1387 3931 centrum
1411 3859 1567 3952 granuli
1596 3882 1686 3933 cum
1715 3882 1875 3933 ceracea
1896 3861 2063 3932 materie
2087 3859 2211 3933 insen-

515 3994 610 4069 sibili
633 3990 752 4067 modo
777 3993 1015 4072 miscentur,
1057 3985 1200 4062 versus
1224 3983 1648 4088 peripheriamautem
1672 3989 1709 4058 in
1732 3983 1995 4059 tenuissimam
2020 3986 2211 4059 membra·

513 4140 604 4193 nam
628 4116 855 4192 albicantem
886 4112 984 4209 (a),
1021 4111 1204 4185 cuticulae
1224 4120 1408 4184 externae
1430 4103 1636 4202 subjestam
1658 4110 1902 4184 coalescunt:
1940 4133 2065 4204 quare
2089 4112 2210 4185 etiam

512 4250 730 4317 contextus
753 4240 837 4325 ille,
871 4234 1134 4314 extensionis,
1167 4235 1213 4310 ad
1239 4234 1451 4308 notabilem
1467 4254 1598 4328 usque
1619 4238 1854 4332 terminum,
1897 4258 2023 4335 capax
2042 4235 2116 4320 est,
2160 4259 2209 4311 eo

512 4379 643 4444 autem
664 4367 824 4465 adepto,
861 4386 944 4440 non
962 4363 1088 4437 solum
1115 4364 1224 4436 ornari
1238 4360 1419 4434 ulteriori
1436 4358 1666 4456 expanfioni
1687 4360 1847 4447 restitit,
1893 4363 1954 4437 sed
1975 4362 2013 4436 ἃ
2031 4361 2099 4436 sub
2121 4384 2209 4435 cer·

513 4498 564 4571 tis
585 4492 878 4569 conditionibus
904 4490 1185 4585 disrumpitur,
1210 4511 1256 4561 ac
1276 4484 1461 4580 quicquid
1482 4483 1682 4560 mobilium
1701 4488 1740 4560 in
1764 4489 1803 4562 se
1827 4491 2005 4565 continet
2021 4490 2206 4593 partium,

511 4619 687 4700 violento
702 4641 790 4692 cum
813 4619 962 4715 impetu
984 4611 1137 4689 eructat
1153 4613 1192 4687 8<
1206 4612 1327 4706 longe
1352 4622 1472 4685 extra
1488 4611 1698 4706 granulum
1716 4610 1881 4711 projicit
1933 4612 2081 4691 Caracca
2097 4614 2206 4687 deni-

510 4770 587 4844 que
602 4740 822 4846 sabstantia,
864 4743 1091 4838 inorganica
1109 4762 1156 4813 ac
1174 4737 1274 4812 rude
1299 4738 1506 4831 manulata
1525 4735 1660 4822 maffa,
1703 4737 1770 4819 sed.
1787 4740 1950 4840 pollinis
1974 4738 2207 4815 nobilissima

1068 4900 1072 4907 ·
2108 4883 2207 4966 pars

550 5055 594 5134 ι)
618 5057 905 5118 sosarnus.
932 5046 1112 5129 Vorlaeuffig.
1140 5048 1252 5112 Nachr.
1275 5060 1346 5133 pat.
1371 5022 1376 5031 ³
1412 5048 1464 5129 a.)
1487 5044 1606 5112 lusu.
1628 5047 1703 5111 ibid.
1726 5050 1983 5134 p.2.d1p,142.

613 5170 714 5230 {britte
730 5164 859 5231 Fortsea.
881 5187 910 5248 p.
926 5181 984 5242 137.
