4878 6064
470 490 519 549 cu
1178 490 1488 547 ==·..··...·=.-·..

471 705 601 800 bryo,
637 725 662 776 a
682 706 796 800 parte
819 697 885 772 sua
905 695 1130 776 anteriore,
1174 695 1415 792 plerumque
1432 693 1660 771 denudatam
1680 695 1721 769 in
1745 693 1855 772 fulco
1876 689 2029 771 acum
2047 687 2177 789 jaeeta

473 833 518 909 in
535 830 671 928 paucis
696 849 819 909 vero,
849 847 874 898 a
895 820 1141 913 marginibus
1156 816 1282 915 hujus
1301 824 1516 897 introrsum
1536 824 1696 922 pluam
1714 817 1922 897 coruestus
1941 819 2024 905 cll,
2060 828 2109 894 ut
2131 824 2176 895 io

471 954 623 1050 Mayce
645 954 686 1028 δι
715 950 923 1035 Cenchro3
963 946 1007 1022 lle
1035 946 1181 1021 iterum
1201 950 1245 1021 in
1268 950 1374 1035 aliis,
1407 950 1581 1027 radicula
1605 952 1710 1026 iutra
1730 949 1980 1025 substantiam
2002 946 2177 1031 scutelli,

473 1103 548 1158 ceu
572 1084 677 1159 intra
696 1079 881 1173 vaginam
906 1074 1007 1149 latet
1026 1071 1070 1150 dt
1086 1072 1140 1148 ab
1157 1073 1235 1149 hac
1251 1078 1415 1175 paruus
1440 1075 1636 1155 obvoluta
1664 1075 1748 1160 eli,
1796 1084 1846 1153 ut
1871 1077 1919 1167 in,
1937 1070 2175 1152 Cerealibus

440 1202 444 1209 ⁴
471 1207 690 1307 plerisque.

571 1414 789 1495 Sublimilis
812 1412 1057 1519 praecedenti
1080 1412 1226 1489 fabrica
1254 1412 1294 1486 in
1312 1407 1592 1491 Scitaminibus
1615 1413 1783 1513 quoque
1799 1416 2023 1500 nonnullis,
2062 1413 2173 1488 utin

471 1545 703 1641 ngrbere,
734 1542 899 1644 Alpinia
925 1552 1050 1636 atque
1071 1535 1224 1614 Globba
1245 1538 1571 1645 deprehenditur.
1627 1541 1708 1619 His
1730 1566 1877 1644 nempe
1900 1536 2049 1621 Varius
2067 1537 2174 1634 vagi·

472 1671 564 1750 aulis
586 1672 795 1769 competit,
821 1670 887 1744 seu
903 1688 1055 1767 corpus
1068 1666 1264 1762 quoddam
1278 1667 1506 1753 carnosum,
1533 1670 1638 1745 inter
1651 1669 1834 1747 albumen
1847 1667 2173 1765 atqueembryo·

471 1820 566 1873 nem
592 1797 722 1874 medio
739 1797 830 1872 loco
845 1800 899 1871 ita
914 1794 1105 1901 politum,
1129 1803 1177 1867 ut
1191 1794 1352 1887 intrare
1369 1794 1632 1892 embryonem
1646 1807 1835 1894 tanquam
1851 1799 1893 1873 in
1908 1797 2054 1890 vagina
2071 1792 2174 1866 clau-

473 1924 558 2008 dat,
594 1932 768 2001 externe
792 1930 926 1998 autem
947 1921 1124 2016 undique
1145 1919 1213 1994 libi
1235 1918 1551 2020 circumpositam
1575 1923 1718 2001 habeat
1734 1924 1946 2000 albuminis
1969 1918 2174 1996 substanti·

473 2074 537 2126 am
554 2048 844 2126 subfannosam.
894 2044 1133 2123 constanter
1149 2047 1197 2122 ad
1219 2050 1371 2148 apicem
1378 2050 1526 2149 'pervia
1540 2048 1599 2125 est
1621 2049 1691 2127 ista
1710 2052 1876 2149 vagina,
1903 2057 2022 2144 atque
2038 2046 2176 2145 lupre-

474 2199 540 2251 ma
569 2197 669 2275 pars
697 2174 934 2270 embryonis
970 2172 1129 2272 semper
1151 2183 1271 2249 extra
1302 2170 1393 2271 ejus
1422 2186 1655 2281 aperturam
1682 2179 1927 2275 aliquantum
1956 2173 2178 2274 prominet,

473 2305 571 2399 quin
601 2302 641 2377 &
655 2300 719 2398 ad}
734 2298 923 2375 radiculae
945 2298 1067 2374 tinem
1092 2320 1378 2397 nonnunquam
1401 2303 1606 2403 perforata
1628 2302 1706 2379 elle
1731 2306 1915 2396 videtur,
1948 2300 2072 2379 sedin
2093 2320 2177 2375 rne-

473 2426 539 2503 dio
561 2426 819 2520 integerrima
847 2432 967 2520 atque
990 2423 1109 2501 craffa
1136 2426 1194 2503 est
1219 2428 1263 2505 dc
1281 2431 1435 2506 variam
1455 2431 1574 2505 habet
1593 2432 1640 2516 in
1667 2433 1794 2508 variis
1818 2430 2010 2524 figuram:
2053 2434 2102 2501 ut
2117 2428 2179 2500 in·

471 2550 841 2629 fundibuliformem
861 2554 902 2625 in
923 2547 1140 2647 Zingibere
1161 2550 1402 2657 Maleglettc,
1427 2555 1668 2632 turbinatam
1689 2558 1730 2630 in
1753 2559 1881 2654 nigro,
1903 2551 2180 2647 lubglobosum

472 2682 516 2757 in
541 2675 706 2778 Alpinis
730 2675 926 2778 racemosa,
951 2676 993 2752 dc
1007 2687 1159 2755 ovato·
1172 2677 1384 2775 oblongam
1403 2683 1446 2756 in
1464 2678 1580 2776 Zing.
1599 2679 1717 2782 cha!
1727 2693 1847 2780 atque
1862 2679 2033 2785 J'ylvejlri.

481 2964 483 2971 ,
570 2889 629 2972 Et
647 2892 706 2967 ita
722 2911 884 2986 quoquo
900 2890 941 2969 in
957 2888 1222 2990 Rhiuophora
1240 2892 1393 2991 clangit
1414 2895 1614 2995 peculiare
1632 2894 1751 2972 datur
1772 2893 2047 2984 involucrum,
2071 2885 2181 2985 quud

472 3018 711 3114 embryonis
735 3012 956 3114 plumulam
978 3040 1006 3093 a
1026 3021 1216 3116 proximo
1238 3023 1444 3115 albumine
1469 3022 1623 3123 separat
1654 3032 1773 3116 atque
1798 3018 1950 3099 vitello
1986 3015 2181 3112 vagienti,

473 3143 504 3219 a
525 3164 612 3223 non
633 3142 786 3236 figura,
821 3152 958 3222 tatum
979 3142 1058 3219 fltu
1076 3153 1197 3242 atqve
1223 3145 1358 3230 afficio
1391 3149 1464 3224 nro
1482 3151 1647 3249 pendas
1669 3148 1893 3247 respondet
1950 3143 2027 3221 Eli
2046 3151 2181 3221 autem

475 3270 736 3349 involucrum
759 3268 876 3357 illud,
917 3269 1127 3347 auferente
1144 3272 1363 3372 Jecouruo
1390 3275 1484 3366 (1),
1508 3278 1572 3350 cui
1594 3274 1688 3353 'Grac
1709 3275 1869 3350 seminis
1891 3271 2052 3354 dnum,
2088 3289 2181 3345 cor·

474 3416 552 3494 pus
575 3396 724 3477 tibrulb
739 3396 967 3482 carnosum,
990 3398 1397 3499 subfeaquipollicare,
1421 3401 1593 3500 superne
1603 3401 1747 3501 pallide
1761 3401 1903 3479 vireas
1917 3399 1962 3474 dr
1971 3400 2012 3473 in
2032 3395 2182 3475 omum

474 3523 742 3617 cylindricum
756 3530 1027 3610 attenuatum,
1053 3524 1209 3605 inferne
1230 3549 1332 3603 vero
1352 3531 1625 3605 aurantiacum
1642 3527 1686 3603 ac
1707 3529 1749 3601 in
1771 3526 1990 3625 capitulum
2004 3522 2180 3606 solium,

475 3649 689 3728 incurvum
709 3672 754 3725 ac
776 3649 1052 3745 subglobolum
1071 3649 1359 3729 incrallalum:v
1383 3655 1491 3728 intra
1505 3654 1596 3730 colli
1618 3653 1678 3729 sui
1695 3654 1924 3739 cavitatem,
1959 3648 2180 3751 plumulam

473 3773 695 3853 lubulatam
721 3776 866 3874 recipit
892 3774 933 3855 δι
951 3798 1043 3852 mm
1064 3772 1153 3874 ojus
1179 3776 1256 3853 bafi
1280 3774 1388 3854 aruo
1419 3777 1803 3861 confermrmnamm
1829 3776 1918 3862 est,
1964 3776 2181 3875 capitulum

473 3924 578 3979 vero
601 3902 657 3979 ab
675 3898 890 3978 albuminis
908 3901 1076 3981 vicisslm
1103 3907 1278 3982 cavitate
1304 3906 1518 4004 recipitur,
1548 3903 1588 3980 da
1607 3905 1661 3978 ita
1687 3905 1766 4005 ipse
1784 3906 1976 4000 embrye,
2008 3904 2180 3977 interce·

473 4027 593 4109 dente
617 4027 686 4105 ilta
704 4029 865 4121 vagina,
889 4027 939 4105 ab
952 4029 1151 4106 allumlne
1171 4031 1404 4126 segregatus
1421 4038 1543 4125 atque
1558 4053 1662 4111 vero
1675 4030 1830 4109 vitello
1847 4028 2016 4108 vestitus
2027 4026 2096 4105 eit

571 4239 726 4319 Omnes
748 4237 939 4321 hedenus
963 4238 1173 4319 recenlitae
1189 4238 1328 4319 Vitelli
1352 4241 1519 4345 species,
1555 4248 1742 4345 exceptis
1763 4241 1895 4321 forsan
1914 4240 2005 4321 solis
2025 4236 2178 4315 nucleis

474 4354 896 4465 Ceratoplrylliffjatque
917 4360 1144 4459 Nelumbo,
1184 4367 1238 4443 ita
1254 4379 1497 4469 comparatae
1517 4370 1632 4456 sunt,
1666 4382 1711 4447 ut
1725 4373 1776 4449 ab
1792 4358 2005 4447 ordinariis
2020 4365 2178 4443 seminis

473 4484 660 4595 partibus
678 4492 877 4587 organicis
899 4489 1203 4571 luculentissime
1226 4491 1417 4575 differant
1443 4505 1563 4592 atque
1581 4498 1687 4577 haud
1712 4497 1828 4579 dubie
1853 4496 2066 4593 proprium
2093 4491 2178 4565 vis·

473 4617 580 4723 ceris
602 4636 733 4710 genus
754 4613 1004 4693 constituant.
1055 4612 1160 4693 Cum
1182 4640 1284 4694 vero
1303 4624 1408 4701 inter
1433 4623 1536 4722 ipsas
1555 4624 1779 4701 ordinarias
1806 4622 1893 4701 illas
1914 4629 2069 4719 partes,
2105 4638 2176 4691 va-

471 4742 550 4849 ,¹⁴ae
572 4762 733 4837 quoque
754 4740 922 4828 dentur,
947 4762 1040 4841 quae
1062 4743 1286 4840 aconsueta
1301 4746 1548 4841 reliquarum
1567 4748 1702 4827 forma
1716 4772 1808 4829 eum
1827 4750 1869 4823 in
1886 4744 2049 4825 modum
2068 4759 2176 4817 rece·

2062 4868 2175 4949 dant,

472 4977 477 4997 ι
519 5018 566 5100 r.)
587 5019 663 5084 Hill.
685 5014 779 5102 plant.
801 5036 893 5084 amer.
917 5042 947 5106 p.
968 5042 1029 5100 ¹42·
