<?xml version="1.0" encoding="UTF-8"?>
<!DOCTYPE html PUBLIC "-//W3C//DTD XHTML 1.0 Transitional//EN"
    "http://www.w3.org/TR/xhtml1/DTD/xhtml1-transitional.dtd">
<html xmlns="http://www.w3.org/1999/xhtml" xml:lang="en" lang="en">
 <head>
  <title>
</title>
<meta http-equiv="Content-Type" content="text/html;charset=utf-8" />
  <meta name='ocr-system' content='tesseract 3.04.00' />
  <meta name='ocr-capabilities' content='ocr_page ocr_carea ocr_par ocr_line ocrx_word'/>
</head>
<body>
  <div class='ocr_page' id='page_1' title='image "./defructibusetse00gaergoog_0052.png"; bbox 0 0 4852 6062; ppageno 0'>
   <div class='ocr_carea' id='block_1_1' title="bbox 770 515 1905 615">
    <p class='ocr_par' dir='ltr' id='par_1_1' title="bbox 770 515 1905 615">
     <span class='ocr_line' id='line_1_1' title="bbox 770 515 1905 615; baseline 0.003 -33"><span class='ocrx_word' id='word_1_1' title='bbox 770 608 774 615; x_wconf 31' lang='grc' dir='ltr'>Ι</span> <span class='ocrx_word' id='word_1_2' title='bbox 884 520 1193 583; x_wconf 52' lang='lat' dir='ltr'>m!</span> <span class='ocrx_word' id='word_1_3' title='bbox 1744 515 1905 585; x_wconf 66' lang='lat' dir='ltr'>mm·</span> 
     </span>
    </p>
   </div>
   <div class='ocr_carea' id='block_1_2' title="bbox 97 724 1909 3857">
    <p class='ocr_par' dir='ltr' id='par_1_2' title="bbox 97 724 1909 3857">
     <span class='ocr_line' id='line_1_2' title="bbox 194 724 1901 829; baseline -0.004 -22"><span class='ocrx_word' id='word_1_4' title='bbox 194 727 375 827; x_wconf 82' lang='lat' dir='ltr'>ejusdem</span> <span class='ocrx_word' id='word_1_5' title='bbox 396 749 484 805; x_wconf 86' lang='lat' dir='ltr'>cum</span> <span class='ocrx_word' id='word_1_6' title='bbox 504 726 656 824; x_wconf 87' lang='lat' dir='ltr'>reliqua</span> <span class='ocrx_word' id='word_1_7' title='bbox 677 726 798 827; x_wconf 87' lang='lat' dir='ltr'>stirpe</span> <span class='ocrx_word' id='word_1_8' title='bbox 816 727 964 803; x_wconf 89' lang='lat' dir='ltr'>coloris</span> <span class='ocrx_word' id='word_1_9' title='bbox 986 727 1155 803; x_wconf 80' lang='lat' dir='ltr'>olivacel</span> <span class='ocrx_word' id='word_1_10' title='bbox 1180 724 1256 813; x_wconf 77' lang='lat' dir='ltr'>est3</span> <span class='ocrx_word' id='word_1_11' title='bbox 1271 726 1402 804; x_wconf 86' lang='lat' dir='ltr'>brevi</span> <span class='ocrx_word' id='word_1_12' title='bbox 1423 731 1563 807; x_wconf 80' lang='lat' dir='ltr'>autem·</span> <span class='ocrx_word' id='word_1_13' title='bbox 1578 726 1685 827; x_wconf 85' lang='lat' dir='ltr'>post,</span> <span class='ocrx_word' id='word_1_14' title='bbox 1710 727 1749 829; x_wconf 82' lang='lat' dir='ltr'>icl</span> <span class='ocrx_word' id='word_1_15' title='bbox 1767 727 1901 826; x_wconf 87' lang='lat' dir='ltr'>ipsum,</span> 
     </span>
     <span class='ocr_line' id='line_1_3' title="bbox 195 851 1902 941; baseline -0.004 -9"><span class='ocrx_word' id='word_1_16' title='bbox 195 860 405 941; x_wconf 75' lang='lat' dir='ltr'>obsoleto,</span> <span class='ocrx_word' id='word_1_17' title='bbox 418 861 457 929; x_wconf 93' lang='lat' dir='ltr'>in</span> <span class='ocrx_word' id='word_1_18' title='bbox 476 859 647 939; x_wconf 88' lang='lat' dir='ltr'>vertice,</span> <span class='ocrx_word' id='word_1_19' title='bbox 673 856 895 931; x_wconf 83' lang='lat' dir='ltr'>inscribitur</span> <span class='ocrx_word' id='word_1_20' title='bbox 919 855 1023 928; x_wconf 89' lang='lat' dir='ltr'>sulco</span> <span class='ocrx_word' id='word_1_21' title='bbox 1048 856 1241 938; x_wconf 86' lang='lat' dir='ltr'>cruciato,</span> <span class='ocrx_word' id='word_1_22' title='bbox 1261 865 1320 927; x_wconf 83' lang='lat' dir='ltr'>.et</span> <span class='ocrx_word' id='word_1_23' title='bbox 1337 851 1449 929; x_wconf 86' lang='lat' dir='ltr'>simul</span> <span class='ocrx_word' id='word_1_24' title='bbox 1467 864 1599 933; x_wconf 88' lang='lat' dir='ltr'>totum</span> <span class='ocrx_word' id='word_1_25' title='bbox 1613 855 1750 933; x_wconf 90' lang='lat' dir='ltr'>colore</span> <span class='ocrx_word' id='word_1_26' title='bbox 1771 854 1902 937; x_wconf 89' lang='lat' dir='ltr'>luteo,</span> 
     </span>
     <span class='ocr_line' id='line_1_4' title="bbox 195 976 1903 1076; baseline -0.005 -16"><span class='ocrx_word' id='word_1_27' title='bbox 195 985 294 1060; x_wconf 89' lang='lat' dir='ltr'>adeo</span> <span class='ocrx_word' id='word_1_28' title='bbox 316 983 455 1060; x_wconf 89' lang='lat' dir='ltr'>vivido</span> <span class='ocrx_word' id='word_1_29' title='bbox 485 1007 531 1057; x_wconf 89' lang='lat' dir='ltr'>ac</span> <span class='ocrx_word' id='word_1_30' title='bbox 549 981 739 1076; x_wconf 78' lang='lat' dir='ltr'>eleganti,</span> <span class='ocrx_word' id='word_1_31' title='bbox 779 980 1035 1064; x_wconf 77' lang='lat' dir='ltr'>suffmiditnr,</span> <span class='ocrx_word' id='word_1_32' title='bbox 1085 991 1131 1054; x_wconf 89' lang='lat' dir='ltr'>ut</span> <span class='ocrx_word' id='word_1_33' title='bbox 1144 976 1328 1074; x_wconf 83' lang='lat' dir='ltr'>jurares,</span> <span class='ocrx_word' id='word_1_34' title='bbox 1375 991 1417 1055; x_wconf 91' lang='lat' dir='ltr'>te</span> <span class='ocrx_word' id='word_1_35' title='bbox 1442 978 1681 1059; x_wconf 78' lang='lat' dir='ltr'>verissimam</span> <span class='ocrx_word' id='word_1_36' title='bbox 1704 978 1903 1074; x_wconf 91' lang='lat' dir='ltr'>quandam</span> 
     </span>
     <span class='ocr_line' id='line_1_5' title="bbox 194 1103 1902 1210; baseline -0.004 -25"><span class='ocrx_word' id='word_1_37' title='bbox 194 1134 281 1210; x_wconf 88' lang='lat' dir='ltr'>prae</span> <span class='ocrx_word' id='word_1_38' title='bbox 305 1111 435 1185; x_wconf 86' lang='lat' dir='ltr'>oculis</span> <span class='ocrx_word' id='word_1_39' title='bbox 459 1109 605 1188; x_wconf 87' lang='lat' dir='ltr'>habere</span> <span class='ocrx_word' id='word_1_40' title='bbox 626 1109 857 1192; x_wconf 79' lang='lat' dir='ltr'>antheram3</span> <span class='ocrx_word' id='word_1_41' title='bbox 891 1118 932 1181; x_wconf 88' lang='lat' dir='ltr'>at</span> <span class='ocrx_word' id='word_1_42' title='bbox 943 1107 1042 1181; x_wconf 89' lang='lat' dir='ltr'>nihil</span> <span class='ocrx_word' id='word_1_43' title='bbox 1066 1110 1201 1182; x_wconf 89' lang='lat' dir='ltr'>minus</span> <span class='ocrx_word' id='word_1_44' title='bbox 1223 1108 1279 1191; x_wconf 92' lang='lat' dir='ltr'>id,</span> <span class='ocrx_word' id='word_1_45' title='bbox 1305 1106 1432 1203; x_wconf 74' lang='lat' dir='ltr'>[quam</span> <span class='ocrx_word' id='word_1_46' title='bbox 1452 1107 1621 1183; x_wconf 89' lang='lat' dir='ltr'>anthera</span> <span class='ocrx_word' id='word_1_47' title='bbox 1643 1105 1716 1199; x_wconf 88' lang='lat' dir='ltr'>est,</span> <span class='ocrx_word' id='word_1_48' title='bbox 1755 1105 1819 1180; x_wconf 90' lang='lat' dir='ltr'>sed</span> <span class='ocrx_word' id='word_1_49' title='bbox 1833 1103 1902 1179; x_wconf 89' lang='lat' dir='ltr'>de-</span> 
     </span>
     <span class='ocr_line' id='line_1_6' title="bbox 194 1231 1903 1331; baseline -0.005 -21"><span class='ocrx_word' id='word_1_50' title='bbox 194 1232 325 1310; x_wconf 68' lang='lat' dir='ltr'>trat‘to</span> <span class='ocrx_word' id='word_1_51' title='bbox 358 1246 457 1310; x_wconf 87' lang='lat' dir='ltr'>tunc</span> <span class='ocrx_word' id='word_1_52' title='bbox 480 1235 606 1311; x_wconf 86' lang='lat' dir='ltr'>folioli</span> <span class='ocrx_word' id='word_1_53' title='bbox 636 1236 802 1316; x_wconf 88' lang='lat' dir='ltr'>cortice,</span> <span class='ocrx_word' id='word_1_54' title='bbox 851 1232 958 1308; x_wconf 84' lang='lat' dir='ltr'>solus</span> <span class='ocrx_word' id='word_1_55' title='bbox 987 1231 1303 1331; x_wconf 72' lang='lat' dir='ltr'>inconspectum</span> <span class='ocrx_word' id='word_1_56' title='bbox 1331 1237 1445 1310; x_wconf 83' lang='lat' dir='ltr'>venit</span> <span class='ocrx_word' id='word_1_57' title='bbox 1473 1234 1579 1310; x_wconf 87' lang='lat' dir='ltr'>uteri</span> <span class='ocrx_word' id='word_1_58' title='bbox 1606 1234 1777 1327; x_wconf 88' lang='lat' dir='ltr'>virginei</span> <span class='ocrx_word' id='word_1_59' title='bbox 1806 1232 1903 1306; x_wconf 89' lang='lat' dir='ltr'>viri-</span> 
     </span>
     <span class='ocr_line' id='line_1_7' title="bbox 195 1355 1906 1459; baseline -0.003 -23"><span class='ocrx_word' id='word_1_60' title='bbox 195 1362 257 1436; x_wconf 83' lang='lat' dir='ltr'>dis</span> <span class='ocrx_word' id='word_1_61' title='bbox 283 1361 493 1456; x_wconf 86' lang='lat' dir='ltr'><strong>globulus,</strong></span> <span class='ocrx_word' id='word_1_62' title='bbox 523 1363 699 1458; x_wconf 89' lang='lat' dir='ltr'>undique</span> <span class='ocrx_word' id='word_1_63' title='bbox 719 1361 883 1459; x_wconf 90' lang='lat' dir='ltr'>limpido</span> <span class='ocrx_word' id='word_1_64' title='bbox 905 1382 1024 1435; x_wconf 92' lang='lat' dir='ltr'>muco</span> <span class='ocrx_word' id='word_1_65' title='bbox 1048 1359 1329 1444; x_wconf 85' lang='lat' dir='ltr'>circumfusus,</span> <span class='ocrx_word' id='word_1_66' title='bbox 1368 1369 1412 1436; x_wconf 89' lang='lat' dir='ltr'>et</span> <span class='ocrx_word' id='word_1_67' title='bbox 1438 1364 1543 1436; x_wconf 85' lang='lat' dir='ltr'>intra</span> <span class='ocrx_word' id='word_1_68' title='bbox 1563 1362 1775 1436; x_wconf 75' lang='lat' dir='ltr'>cavitatem</span> <span class='ocrx_word' id='word_1_69' title='bbox 1798 1355 1906 1431; x_wconf 86' lang='lat' dir='ltr'>suam</span> 
     </span>
     <span class='ocr_line' id='line_1_8' title="bbox 196 1481 1904 1588; baseline -0.004 -25"><span class='ocrx_word' id='word_1_70' title='bbox 196 1485 505 1588; x_wconf 87' lang='lat' dir='ltr'>pellucidisslmis</span> <span class='ocrx_word' id='word_1_71' title='bbox 520 1487 753 1584; x_wconf 85' lang='lat' dir='ltr'>quibusdam</span> <span class='ocrx_word' id='word_1_72' title='bbox 777 1483 995 1586; x_wconf 73' lang='lat' dir='ltr'>punctulis,</span> <span class='ocrx_word' id='word_1_73' title='bbox 1020 1508 1113 1582; x_wconf 84' lang='lat' dir='ltr'>quae</span> <span class='ocrx_word' id='word_1_74' title='bbox 1136 1486 1261 1562; x_wconf 86' lang='lat' dir='ltr'>ovula</span> <span class='ocrx_word' id='word_1_75' title='bbox 1282 1486 1390 1571; x_wconf 87' lang='lat' dir='ltr'>sunt,</span> <span class='ocrx_word' id='word_1_76' title='bbox 1419 1485 1606 1587; x_wconf 87' lang='lat' dir='ltr'>stipatus:</span> <span class='ocrx_word' id='word_1_77' title='bbox 1638 1481 1781 1583; x_wconf 79' lang='lat' dir='ltr'>elapsis</span> <span class='ocrx_word' id='word_1_78' title='bbox 1802 1503 1904 1558; x_wconf 86' lang='lat' dir='ltr'>vero</span> 
     </span>
     <span class='ocr_line' id='line_1_9' title="bbox 197 1609 1904 1711; baseline -0.005 -21"><span class='ocrx_word' id='word_1_79' title='bbox 197 1615 341 1690; x_wconf 81' lang='lat' dir='ltr'>dehirm</span> <span class='ocrx_word' id='word_1_80' title='bbox 360 1616 515 1709; x_wconf 82' lang='lat' dir='ltr'>aliquot</span> <span class='ocrx_word' id='word_1_81' title='bbox 535 1616 692 1696; x_wconf 87' lang='lat' dir='ltr'>diebus,</span> <span class='ocrx_word' id='word_1_82' title='bbox 727 1613 863 1688; x_wconf 91' lang='lat' dir='ltr'>luteus</span> <span class='ocrx_word' id='word_1_83' title='bbox 882 1611 946 1689; x_wconf 91' lang='lat' dir='ltr'>ille</span> <span class='ocrx_word' id='word_1_84' title='bbox 964 1614 1078 1688; x_wconf 88' lang='lat' dir='ltr'>color</span> <span class='ocrx_word' id='word_1_85' title='bbox 1097 1614 1205 1711; x_wconf 87' lang='lat' dir='ltr'>perit</span> <span class='ocrx_word' id='word_1_86' title='bbox 1229 1623 1359 1699; x_wconf 87' lang='lat' dir='ltr'>totus,</span> <span class='ocrx_word' id='word_1_87' title='bbox 1394 1625 1438 1691; x_wconf 90' lang='lat' dir='ltr'>et</span> <span class='ocrx_word' id='word_1_88' title='bbox 1459 1616 1626 1691; x_wconf 83' lang='lat' dir='ltr'>verticis</span> <span class='ocrx_word' id='word_1_89' title='bbox 1655 1612 1785 1687; x_wconf 84' lang='lat' dir='ltr'>sulcus</span> <span class='ocrx_word' id='word_1_90' title='bbox 1805 1609 1904 1683; x_wconf 89' lang='lat' dir='ltr'>obli-</span> 
     </span>
     <span class='ocr_line' id='line_1_10' title="bbox 97 1736 1904 1841; baseline -0.002 -24"><span class='ocrx_word' id='word_1_91' title='bbox 97 1746 101 1755; x_wconf 87' lang='grc'><strong>’</strong></span> <span class='ocrx_word' id='word_1_92' title='bbox 197 1752 378 1834; x_wconf 86' lang='lat' dir='ltr'>teratur,</span> <span class='ocrx_word' id='word_1_93' title='bbox 404 1754 448 1817; x_wconf 90' lang='lat' dir='ltr'>et</span> <span class='ocrx_word' id='word_1_94' title='bbox 467 1739 738 1817; x_wconf 87' lang='lat' dir='ltr'>tuberculum.</span> <span class='ocrx_word' id='word_1_95' title='bbox 760 1760 869 1814; x_wconf 87' lang='lat' dir='ltr'>nnnc</span> <span class='ocrx_word' id='word_1_96' title='bbox 884 1739 1130 1834; x_wconf 73' lang='lat' dir='ltr'>aequabiliter</span> <span class='ocrx_word' id='word_1_97' title='bbox 1143 1739 1374 1834; x_wconf 88' lang='lat' dir='ltr'>turgidum,</span> <span class='ocrx_word' id='word_1_98' title='bbox 1406 1742 1616 1841; x_wconf 89' lang='lat' dir='ltr'>pristinum</span> <span class='ocrx_word' id='word_1_99' title='bbox 1635 1740 1747 1815; x_wconf 87' lang='lat' dir='ltr'>suum</span> <span class='ocrx_word' id='word_1_100' title='bbox 1763 1736 1904 1813; x_wconf 80' lang='lat' dir='ltr'>rursus</span> 
     </span>
     <span class='ocr_line' id='line_1_11' title="bbox 197 1863 1904 1963; baseline -0.002 -24"><span class='ocrx_word' id='word_1_101' title='bbox 197 1864 328 1941; x_wconf 88' lang='lat' dir='ltr'>induit</span> <span class='ocrx_word' id='word_1_102' title='bbox 344 1868 522 1942; x_wconf 85' lang='lat' dir='ltr'>colorem</span> <span class='ocrx_word' id='word_1_103' title='bbox 545 1866 792 1957; x_wconf 87' lang='lat' dir='ltr'>olivaoeum,</span> <span class='ocrx_word' id='word_1_104' title='bbox 818 1874 876 1940; x_wconf 78' lang='lat' dir='ltr'>et,</span> <span class='ocrx_word' id='word_1_105' title='bbox 900 1864 1008 1959; x_wconf 91' lang='lat' dir='ltr'>quod</span> <span class='ocrx_word' id='word_1_106' title='bbox 1021 1865 1232 1963; x_wconf 85' lang='lat' dir='ltr'>caputest,</span> <span class='ocrx_word' id='word_1_107' title='bbox 1258 1863 1435 1941; x_wconf 71' lang='lat' dir='ltr'>detracto</span> <span class='ocrx_word' id='word_1_108' title='bbox 1451 1890 1558 1943; x_wconf 90' lang='lat' dir='ltr'>nunc</span> <span class='ocrx_word' id='word_1_109' title='bbox 1575 1871 1722 1942; x_wconf 89' lang='lat' dir='ltr'>iterum</span> <span class='ocrx_word' id='word_1_110' title='bbox 1743 1866 1904 1945; x_wconf 86' lang='lat' dir='ltr'>cortice,</span> 
     </span>
     <span class='ocr_line' id='line_1_12' title="bbox 196 1984 1906 2093; baseline 0.001 -28"><span class='ocrx_word' id='word_1_111' title='bbox 196 1992 354 2066; x_wconf 90' lang='lat' dir='ltr'>nullum</span> <span class='ocrx_word' id='word_1_112' title='bbox 378 1990 550 2090; x_wconf 85' lang='lat' dir='ltr'>amplius</span> <span class='ocrx_word' id='word_1_113' title='bbox 585 1993 689 2067; x_wconf 90' lang='lat' dir='ltr'>muci</span> <span class='ocrx_word' id='word_1_114' title='bbox 715 1989 824 2065; x_wconf 85' lang='lat' dir='ltr'>adest</span> <span class='ocrx_word' id='word_1_115' title='bbox 845 1989 1074 2084; x_wconf 87' lang='lat' dir='ltr'>vestigium,</span> <span class='ocrx_word' id='word_1_116' title='bbox 1112 1992 1177 2069; x_wconf 89' lang='lat' dir='ltr'>sed</span> <span class='ocrx_word' id='word_1_117' title='bbox 1199 1996 1383 2068; x_wconf 89' lang='lat' dir='ltr'>ovarium</span> <span class='ocrx_word' id='word_1_118' title='bbox 1397 2017 1489 2069; x_wconf 90' lang='lat' dir='ltr'>cum</span> <span class='ocrx_word' id='word_1_119' title='bbox 1518 1995 1599 2093; x_wconf 91' lang='lat' dir='ltr'>ipso</span> <span class='ocrx_word' id='word_1_120' title='bbox 1629 1984 1906 2088; x_wconf 43' lang='lat' dir='ltr'>corticessarste</span> 
     </span>
     <span class='ocr_line' id='line_1_13' title="bbox 197 2112 1904 2219; baseline -0.001 -28"><span class='ocrx_word' id='word_1_121' title='bbox 197 2118 393 2213; x_wconf 89' lang='lat' dir='ltr'>cohaeret,</span> <span class='ocrx_word' id='word_1_122' title='bbox 429 2128 470 2195; x_wconf 91' lang='lat' dir='ltr'>et</span> <span class='ocrx_word' id='word_1_123' title='bbox 492 2119 687 2218; x_wconf 87' lang='lat' dir='ltr'>pellucida</span> <span class='ocrx_word' id='word_1_124' title='bbox 711 2118 776 2192; x_wconf 89' lang='lat' dir='ltr'>illa</span> <span class='ocrx_word' id='word_1_125' title='bbox 802 2113 963 2214; x_wconf 69' lang='lat' dir='ltr'>punita,</span> <span class='ocrx_word' id='word_1_126' title='bbox 996 2112 1078 2212; x_wconf 86' lang='lat' dir='ltr'>jam</span> <span class='ocrx_word' id='word_1_127' title='bbox 1103 2120 1268 2197; x_wconf 87' lang='lat' dir='ltr'>nuncin</span> <span class='ocrx_word' id='word_1_128' title='bbox 1291 2118 1494 2197; x_wconf 80' lang='lat' dir='ltr'>albicantia</span> <span class='ocrx_word' id='word_1_129' title='bbox 1512 2132 1553 2197; x_wconf 90' lang='lat' dir='ltr'>et</span> <span class='ocrx_word' id='word_1_130' title='bbox 1576 2141 1698 2219; x_wconf 89' lang='lat' dir='ltr'>opaca</span> <span class='ocrx_word' id='word_1_131' title='bbox 1719 2114 1904 2213; x_wconf 82' lang='lat' dir='ltr'>granula,</span> 
     </span>
     <span class='ocr_line' id='line_1_14' title="bbox 197 2243 1906 2346; baseline 0 -29"><span class='ocrx_word' id='word_1_132' title='bbox 197 2246 377 2344; x_wconf 87' lang='lat' dir='ltr'>propriis</span> <span class='ocrx_word' id='word_1_133' title='bbox 402 2244 592 2321; x_wconf 84' lang='lat' dir='ltr'>funiculis</span> <span class='ocrx_word' id='word_1_134' title='bbox 615 2244 901 2320; x_wconf 87' lang='lat' dir='ltr'>umbilicalibus</span> <span class='ocrx_word' id='word_1_135' title='bbox 922 2243 1136 2329; x_wconf 84' lang='lat' dir='ltr'>haerentia,</span> <span class='ocrx_word' id='word_1_136' title='bbox 1178 2245 1535 2346; x_wconf 86' lang='lat' dir='ltr'>deprehenduntur</span> <span class='ocrx_word' id='word_1_137' title='bbox 1559 2246 1774 2329; x_wconf 86' lang='lat' dir='ltr'>conversa;</span> <span class='ocrx_word' id='word_1_138' title='bbox 1804 2244 1906 2317; x_wconf 87' lang='lat' dir='ltr'>acin</span> 
     </span>
     <span class='ocr_line' id='line_1_15' title="bbox 196 2371 1906 2481; baseline -0.003 -35"><span class='ocrx_word' id='word_1_139' title='bbox 196 2371 275 2447; x_wconf 90' lang='lat' dir='ltr'>hoc</span> <span class='ocrx_word' id='word_1_140' title='bbox 295 2394 457 2467; x_wconf 88' lang='lat' dir='ltr'>quoque</span> <span class='ocrx_word' id='word_1_141' title='bbox 485 2373 586 2448; x_wconf 83' lang='lat' dir='ltr'>statu</span> <span class='ocrx_word' id='word_1_142' title='bbox 611 2374 745 2481; x_wconf 82' lang='lat' dir='ltr'>omnia</span> <span class='ocrx_word' id='word_1_143' title='bbox 759 2379 998 2467; x_wconf 87' lang='lat' dir='ltr'>permanent</span> <span class='ocrx_word' id='word_1_144' title='bbox 1021 2378 1150 2467; x_wconf 81' lang='lat' dir='ltr'>usque</span> <span class='ocrx_word' id='word_1_145' title='bbox 1171 2374 1217 2447; x_wconf 91' lang='lat' dir='ltr'>ad</span> <span class='ocrx_word' id='word_1_146' title='bbox 1233 2374 1389 2471; x_wconf 87' lang='lat' dir='ltr'>plenam</span> <span class='ocrx_word' id='word_1_147' title='bbox 1404 2375 1596 2449; x_wconf 89' lang='lat' dir='ltr'>seminum</span> <span class='ocrx_word' id='word_1_148' title='bbox 1618 2373 1906 2452; x_wconf 83' lang='lat' dir='ltr'>maturitatem,</span> 
     </span>
     <span class='ocr_line' id='line_1_16' title="bbox 196 2495 1905 2593; baseline -0.004 -21"><span class='ocrx_word' id='word_1_149' title='bbox 196 2518 276 2593; x_wconf 90' lang='lat' dir='ltr'>qua</span> <span class='ocrx_word' id='word_1_150' title='bbox 295 2498 371 2573; x_wconf 89' lang='lat' dir='ltr'>scil.</span> <span class='ocrx_word' id='word_1_151' title='bbox 388 2498 425 2573; x_wconf 89' lang='lat' dir='ltr'>id</span> <span class='ocrx_word' id='word_1_152' title='bbox 445 2497 692 2575; x_wconf 85' lang='lat' dir='ltr'>solummodo</span> <span class='ocrx_word' id='word_1_153' title='bbox 716 2495 909 2580; x_wconf 62' lang='lat' dir='ltr'>‘efficitun</span> <span class='ocrx_word' id='word_1_154' title='bbox 944 2504 991 2569; x_wconf 92' lang='lat' dir='ltr'>ut</span> <span class='ocrx_word' id='word_1_155' title='bbox 1005 2497 1177 2589; x_wconf 89' lang='lat' dir='ltr'>granula</span> <span class='ocrx_word' id='word_1_156' title='bbox 1198 2500 1263 2573; x_wconf 90' lang='lat' dir='ltr'>illa</span> <span class='ocrx_word' id='word_1_157' title='bbox 1283 2498 1417 2573; x_wconf 76' lang='lat' dir='ltr'>sensim</span> <span class='ocrx_word' id='word_1_158' title='bbox 1442 2500 1656 2591; x_wconf 85' lang='lat' dir='ltr'>rufescant,</span> <span class='ocrx_word' id='word_1_159' title='bbox 1686 2507 1806 2591; x_wconf 87' lang='lat' dir='ltr'>atque</span> <span class='ocrx_word' id='word_1_160' title='bbox 1824 2502 1905 2568; x_wconf 91' lang='lat' dir='ltr'>ute·</span> 
     </span>
     <span class='ocr_line' id='line_1_17' title="bbox 198 2603 1907 2721; baseline -0.002 -24"><span class='ocrx_word' id='word_1_161' title='bbox 198 2645 272 2698; x_wconf 91' lang='lat' dir='ltr'>rus</span> <span class='ocrx_word' id='word_1_162' title='bbox 297 2623 458 2699; x_wconf 89' lang='lat' dir='ltr'>demum</span> <span class='ocrx_word' id='word_1_163' title='bbox 479 2625 675 2699; x_wconf 83' lang='lat' dir='ltr'>foramine</span> <span class='ocrx_word' id='word_1_164' title='bbox 704 2623 886 2697; x_wconf 76' lang='lat' dir='ltr'>dehiscat</span> <span class='ocrx_word' id='word_1_165' title='bbox 935 2603 1144 2720; x_wconf 79' lang='lat' dir='ltr'>Palpabile</span> <span class='ocrx_word' id='word_1_166' title='bbox 1169 2624 1290 2719; x_wconf 85' lang='lat' dir='ltr'>igitur</span> <span class='ocrx_word' id='word_1_167' title='bbox 1315 2625 1389 2720; x_wconf 90' lang='lat' dir='ltr'>est,</span> <span class='ocrx_word' id='word_1_168' title='bbox 1428 2626 1535 2721; x_wconf 88' lang='lat' dir='ltr'>quod</span> <span class='ocrx_word' id='word_1_169' title='bbox 1563 2627 1739 2699; x_wconf 90' lang='lat' dir='ltr'>omnium</span> <span class='ocrx_word' id='word_1_170' title='bbox 1763 2623 1907 2696; x_wconf 89' lang='lat' dir='ltr'>harum</span> 
     </span>
     <span class='ocr_line' id='line_1_18' title="bbox 196 2749 1906 2849; baseline -0.004 -24"><span class='ocrx_word' id='word_1_171' title='bbox 196 2754 465 2828; x_wconf 87' lang='lat' dir='ltr'>mutationum</span> <span class='ocrx_word' id='word_1_172' title='bbox 489 2753 604 2824; x_wconf 89' lang='lat' dir='ltr'>unlca</span> <span class='ocrx_word' id='word_1_173' title='bbox 623 2760 665 2824; x_wconf 90' lang='lat' dir='ltr'>et</span> <span class='ocrx_word' id='word_1_174' title='bbox 691 2752 880 2849; x_wconf 90' lang='lat' dir='ltr'>princeps</span> <span class='ocrx_word' id='word_1_175' title='bbox 896 2749 1006 2824; x_wconf 85' lang='lat' dir='ltr'>cansa</span> <span class='ocrx_word' id='word_1_176' title='bbox 1023 2770 1165 2824; x_wconf 91' lang='lat' dir='ltr'>mucus</span> <span class='ocrx_word' id='word_1_177' title='bbox 1182 2751 1247 2825; x_wconf 91' lang='lat' dir='ltr'>ille</span> <span class='ocrx_word' id='word_1_178' title='bbox 1265 2750 1329 2837; x_wconf 78' lang='lat' dir='ltr'>sit,</span> <span class='ocrx_word' id='word_1_179' title='bbox 1357 2756 1461 2827; x_wconf 91' lang='lat' dir='ltr'>inter</span> <span class='ocrx_word' id='word_1_180' title='bbox 1474 2753 1661 2826; x_wconf 87' lang='lat' dir='ltr'>corticem</span> <span class='ocrx_word' id='word_1_181' title='bbox 1674 2759 1792 2843; x_wconf 90' lang='lat' dir='ltr'>atque</span> <span class='ocrx_word' id='word_1_182' title='bbox 1808 2768 1906 2821; x_wconf 89' lang='lat' dir='ltr'>ova-</span> 
     </span>
     <span class='ocr_line' id='line_1_19' title="bbox 197 2856 1909 2978; baseline -0.004 -27"><span class='ocrx_word' id='word_1_183' title='bbox 197 2880 304 2953; x_wconf 90' lang='lat' dir='ltr'>rium</span> <span class='ocrx_word' id='word_1_184' title='bbox 324 2879 506 2961; x_wconf 69' lang='lat' dir='ltr'>haeream</span> <span class='ocrx_word' id='word_1_185' title='bbox 541 2888 584 2951; x_wconf 89' lang='lat' dir='ltr'>et</span> <span class='ocrx_word' id='word_1_186' title='bbox 603 2876 709 2970; x_wconf 93' lang='lat' dir='ltr'>quod</span> <span class='ocrx_word' id='word_1_187' title='bbox 739 2856 983 2951; x_wconf 86' lang='lat' dir='ltr'>foecundatio</span> <span class='ocrx_word' id='word_1_188' title='bbox 1009 2898 1059 2947; x_wconf 91' lang='lat' dir='ltr'>eo</span> <span class='ocrx_word' id='word_1_189' title='bbox 1083 2877 1243 2972; x_wconf 87' lang='lat' dir='ltr'>praecise</span> <span class='ocrx_word' id='word_1_190' title='bbox 1267 2890 1452 2977; x_wconf 90' lang='lat' dir='ltr'>tempore</span> <span class='ocrx_word' id='word_1_191' title='bbox 1480 2885 1714 2978; x_wconf 84' lang='lat' dir='ltr'>peragatur,</span> <span class='ocrx_word' id='word_1_192' title='bbox 1760 2895 1841 2968; x_wconf 93' lang='lat' dir='ltr'>quo</span> <span class='ocrx_word' id='word_1_193' title='bbox 1866 2881 1909 2945; x_wconf 92' lang='lat' dir='ltr'>et</span> 
     </span>
     <span class='ocr_line' id='line_1_20' title="bbox 198 3000 1908 3101; baseline -0.005 -22"><span class='ocrx_word' id='word_1_194' title='bbox 198 3002 288 3087; x_wconf 88' lang='lat' dir='ltr'>iste,</span> <span class='ocrx_word' id='word_1_195' title='bbox 314 3015 357 3080; x_wconf 91' lang='lat' dir='ltr'>et</span> <span class='ocrx_word' id='word_1_196' title='bbox 372 3006 508 3082; x_wconf 90' lang='lat' dir='ltr'>luteus</span> <span class='ocrx_word' id='word_1_197' title='bbox 522 3002 719 3076; x_wconf 90' lang='lat' dir='ltr'>tubercnli</span> <span class='ocrx_word' id='word_1_198' title='bbox 738 3004 851 3077; x_wconf 91' lang='lat' dir='ltr'>color</span> <span class='ocrx_word' id='word_1_199' title='bbox 873 3008 1130 3080; x_wconf 88' lang='lat' dir='ltr'>evanescunt.</span> <span class='ocrx_word' id='word_1_200' title='bbox 1181 3000 1285 3078; x_wconf 91' lang='lat' dir='ltr'>Cum</span> <span class='ocrx_word' id='word_1_201' title='bbox 1305 3028 1407 3080; x_wconf 87' lang='lat' dir='ltr'>vero</span> <span class='ocrx_word' id='word_1_202' title='bbox 1423 3027 1496 3078; x_wconf 88' lang='lat' dir='ltr'>nee</span> <span class='ocrx_word' id='word_1_203' title='bbox 1519 3001 1597 3101; x_wconf 91' lang='lat' dir='ltr'>ipse</span> <span class='ocrx_word' id='word_1_204' title='bbox 1618 3020 1779 3084; x_wconf 87' lang='lat' dir='ltr'>mucus,</span> <span class='ocrx_word' id='word_1_205' title='bbox 1811 3021 1908 3098; x_wconf 90' lang='lat' dir='ltr'>pro·</span> 
     </span>
     <span class='ocr_line' id='line_1_21' title="bbox 195 3126 1908 3228; baseline -0.002 -26"><span class='ocrx_word' id='word_1_206' title='bbox 195 3139 293 3228; x_wconf 90' lang='lat' dir='ltr'>pter</span> <span class='ocrx_word' id='word_1_207' title='bbox 315 3128 606 3215; x_wconf 89' lang='lat' dir='ltr'>nimiamsnam</span> <span class='ocrx_word' id='word_1_208' title='bbox 634 3130 915 3221; x_wconf 88' lang='lat' dir='ltr'>quantitatem,</span> <span class='ocrx_word' id='word_1_209' title='bbox 956 3147 1056 3204; x_wconf 87' lang='lat' dir='ltr'>vera</span> <span class='ocrx_word' id='word_1_210' title='bbox 1084 3129 1267 3220; x_wconf 87' lang='lat' dir='ltr'>genitura</span> <span class='ocrx_word' id='word_1_211' title='bbox 1289 3128 1455 3205; x_wconf 86' lang='lat' dir='ltr'>mascula</span> <span class='ocrx_word' id='word_1_212' title='bbox 1477 3128 1554 3205; x_wconf 75' lang='lat' dir='ltr'>else</span> <span class='ocrx_word' id='word_1_213' title='bbox 1573 3140 1710 3224; x_wconf 84' lang='lat' dir='ltr'>queat3</span> <span class='ocrx_word' id='word_1_214' title='bbox 1743 3147 1817 3198; x_wconf 89' lang='lat' dir='ltr'>nec</span> <span class='ocrx_word' id='word_1_215' title='bbox 1833 3126 1908 3198; x_wconf 87' lang='lat' dir='ltr'>alia</span> 
     </span>
     <span class='ocr_line' id='line_1_22' title="bbox 190 3244 1908 3356; baseline -0.002 -26"><span class='ocrx_word' id='word_1_216' title='bbox 190 3266 320 3330; x_wconf 82' lang='lat' dir='ltr'>&#39;extra</span> <span class='ocrx_word' id='word_1_217' title='bbox 345 3265 507 3331; x_wconf 90' lang='lat' dir='ltr'>uterum</span> <span class='ocrx_word' id='word_1_218' title='bbox 529 3256 785 3351; x_wconf 87' lang='lat' dir='ltr'>reperiantur</span> <span class='ocrx_word' id='word_1_219' title='bbox 808 3253 914 3334; x_wconf 87' lang='lat' dir='ltr'>vasa,</span> <span class='ocrx_word' id='word_1_220' title='bbox 949 3244 1094 3346; x_wconf 88' lang='lat' dir='ltr'>quibus</span> <span class='ocrx_word' id='word_1_221' title='bbox 1121 3254 1187 3327; x_wconf 91' lang='lat' dir='ltr'>ille</span> <span class='ocrx_word' id='word_1_222' title='bbox 1209 3258 1249 3328; x_wconf 89' lang='lat' dir='ltr'>in</span> <span class='ocrx_word' id='word_1_223' title='bbox 1272 3279 1415 3333; x_wconf 87' lang='lat' dir='ltr'>verum</span> <span class='ocrx_word' id='word_1_224' title='bbox 1437 3258 1591 3356; x_wconf 88' lang='lat' dir='ltr'>sperma</span> <span class='ocrx_word' id='word_1_225' title='bbox 1617 3256 1798 3330; x_wconf 88' lang='lat' dir='ltr'>converti</span> <span class='ocrx_word' id='word_1_226' title='bbox 1820 3252 1908 3352; x_wconf 91' lang='lat' dir='ltr'>pos·</span> 
     </span>
     <span class='ocr_line' id='line_1_23' title="bbox 197 3360 1908 3478; baseline 0.001 -26"><span class='ocrx_word' id='word_1_227' title='bbox 197 3378 266 3463; x_wconf 88' lang='lat' dir='ltr'>sit;</span> <span class='ocrx_word' id='word_1_228' title='bbox 298 3380 428 3478; x_wconf 88' lang='lat' dir='ltr'>palam</span> <span class='ocrx_word' id='word_1_229' title='bbox 449 3378 527 3471; x_wconf 92' lang='lat' dir='ltr'>est,</span> <span class='ocrx_word' id='word_1_230' title='bbox 559 3378 665 3474; x_wconf 93' lang='lat' dir='ltr'>quod</span> <span class='ocrx_word' id='word_1_231' title='bbox 688 3381 767 3477; x_wconf 92' lang='lat' dir='ltr'>ipse</span> <span class='ocrx_word' id='word_1_232' title='bbox 794 3389 937 3453; x_wconf 86' lang='lat' dir='ltr'>uterus</span> <span class='ocrx_word' id='word_1_233' title='bbox 959 3399 1118 3452; x_wconf 91' lang='lat' dir='ltr'>mucum</span> <span class='ocrx_word' id='word_1_234' title='bbox 1151 3378 1263 3453; x_wconf 87' lang='lat' dir='ltr'>illum</span> <span class='ocrx_word' id='word_1_235' title='bbox 1294 3360 1521 3474; x_wconf 87' lang='lat' dir='ltr'>resorbeat,</span> <span class='ocrx_word' id='word_1_236' title='bbox 1556 3402 1729 3475; x_wconf 89' lang='lat' dir='ltr'>eumque</span> <span class='ocrx_word' id='word_1_237' title='bbox 1753 3377 1908 3454; x_wconf 86' lang='lat' dir='ltr'>foecun-</span> 
     </span>
     <span class='ocr_line' id='line_1_24' title="bbox 197 3482 1908 3602; baseline -0.001 -22"><span class='ocrx_word' id='word_1_238' title='bbox 197 3505 340 3580; x_wconf 85' lang='lat' dir='ltr'>dandis</span> <span class='ocrx_word' id='word_1_239' title='bbox 366 3482 501 3581; x_wconf 67' lang='lat' dir='ltr'>omisis</span> <span class='ocrx_word' id='word_1_240' title='bbox 526 3505 664 3580; x_wconf 86' lang='lat' dir='ltr'>reddat</span> <span class='ocrx_word' id='word_1_241' title='bbox 679 3514 836 3602; x_wconf 87' lang='lat' dir='ltr'>aptum;</span> <span class='ocrx_word' id='word_1_242' title='bbox 874 3516 916 3578; x_wconf 89' lang='lat' dir='ltr'>et</span> <span class='ocrx_word' id='word_1_243' title='bbox 937 3504 1245 3599; x_wconf 85' lang='lat' dir='ltr'>consequenter,</span> <span class='ocrx_word' id='word_1_244' title='bbox 1276 3507 1383 3601; x_wconf 87' lang='lat' dir='ltr'>quod</span> <span class='ocrx_word' id='word_1_245' title='bbox 1405 3509 1446 3581; x_wconf 89' lang='lat' dir='ltr'>in</span> <span class='ocrx_word' id='word_1_246' title='bbox 1466 3505 1590 3583; x_wconf 81' lang='lat' dir='ltr'>Fucis</span> <span class='ocrx_word' id='word_1_247' title='bbox 1611 3508 1818 3601; x_wconf 84' lang='lat' dir='ltr'>genuinis,</span> <span class='ocrx_word' id='word_1_248' title='bbox 1859 3504 1908 3578; x_wconf 85' lang='lat' dir='ltr'>fi-</span> 
     </span>
     <span class='ocr_line' id='line_1_25' title="bbox 198 3628 1908 3730; baseline -0.001 -21"><span class='ocrx_word' id='word_1_249' title='bbox 198 3635 284 3709; x_wconf 90' lang='lat' dir='ltr'>mili</span> <span class='ocrx_word' id='word_1_250' title='bbox 305 3637 452 3730; x_wconf 80' lang='lat' dir='ltr'>quippe</span> <span class='ocrx_word' id='word_1_251' title='bbox 479 3631 622 3705; x_wconf 89' lang='lat' dir='ltr'>fabrica</span> <span class='ocrx_word' id='word_1_252' title='bbox 649 3628 912 3724; x_wconf 85' lang='lat' dir='ltr'>gaudentibus</span> <span class='ocrx_word' id='word_1_253' title='bbox 940 3630 1142 3713; x_wconf 86' lang='lat' dir='ltr'>omnibus,</span> <span class='ocrx_word' id='word_1_254' title='bbox 1179 3632 1257 3729; x_wconf 92' lang='lat' dir='ltr'>ipse</span> <span class='ocrx_word' id='word_1_255' title='bbox 1279 3644 1421 3708; x_wconf 89' lang='lat' dir='ltr'>uterus</span> <span class='ocrx_word' id='word_1_256' title='bbox 1447 3632 1514 3707; x_wconf 86' lang='lat' dir='ltr'>sua</span> <span class='ocrx_word' id='word_1_257' title='bbox 1543 3633 1748 3709; x_wconf 85' lang='lat' dir='ltr'>soecnndet</span> <span class='ocrx_word' id='word_1_258' title='bbox 1768 3635 1908 3720; x_wconf 87' lang='lat' dir='ltr'>ovula,</span> 
     </span>
     <span class='ocr_line' id='line_1_26' title="bbox 197 3740 1780 3857; baseline 0.001 -22"><span class='ocrx_word' id='word_1_259' title='bbox 197 3770 243 3835; x_wconf 88' lang='lat' dir='ltr'>et</span> <span class='ocrx_word' id='word_1_260' title='bbox 262 3758 370 3853; x_wconf 91' lang='lat' dir='ltr'>quod</span> <span class='ocrx_word' id='word_1_261' title='bbox 399 3755 464 3831; x_wconf 91' lang='lat' dir='ltr'>ille</span> <span class='ocrx_word' id='word_1_262' title='bbox 483 3757 581 3856; x_wconf 92' lang='lat' dir='ltr'>ipse,</span> <span class='ocrx_word' id='word_1_263' title='bbox 608 3754 737 3831; x_wconf 88' lang='lat' dir='ltr'>officia</span> <span class='ocrx_word' id='word_1_264' title='bbox 758 3753 990 3849; x_wconf 89' lang='lat' dir='ltr'>genitalium</span> <span class='ocrx_word' id='word_1_265' title='bbox 1003 3756 1219 3850; x_wconf 90' lang='lat' dir='ltr'>utriusque</span> <span class='ocrx_word' id='word_1_266' title='bbox 1238 3758 1376 3845; x_wconf 89' lang='lat' dir='ltr'>sexus,</span> <span class='ocrx_word' id='word_1_267' title='bbox 1398 3740 1567 3857; x_wconf 64' lang='lat' dir='ltr'>&#39;praestet</span> <span class='ocrx_word' id='word_1_268' title='bbox 1589 3758 1705 3837; x_wconf 75' lang='lat' dir='ltr'>solus,</span> <span class='ocrx_word' id='word_1_269' title='bbox 1774 3791 1780 3807; x_wconf 69' lang='lat'><em>¹</em></span> 
     </span>
    </p>
   </div>
   <div class='ocr_carea' id='block_1_3' title="bbox 187 3959 1912 4935">
    <p class='ocr_par' dir='ltr' id='par_1_3' title="bbox 187 3959 1912 4841">
     <span class='ocr_line' id='line_1_27' title="bbox 301 3959 1909 4074; baseline 0.004 -33"><span class='ocrx_word' id='word_1_270' title='bbox 301 3966 422 4041; x_wconf 90' lang='lat' dir='ltr'>Haud</span> <span class='ocrx_word' id='word_1_271' title='bbox 450 3966 614 4064; x_wconf 82' lang='lat' dir='ltr'>prorsus</span> <span class='ocrx_word' id='word_1_272' title='bbox 645 3965 786 4066; x_wconf 88' lang='lat' dir='ltr'>dispari</span> <span class='ocrx_word' id='word_1_273' title='bbox 807 3968 962 4040; x_wconf 85' lang='lat' dir='ltr'>ratione</span> <span class='ocrx_word' id='word_1_274' title='bbox 983 3959 1321 4043; x_wconf 82' lang='lat' dir='ltr'>foecundationem</span> <span class='ocrx_word' id='word_1_275' title='bbox 1346 3989 1509 4063; x_wconf 87' lang='lat' dir='ltr'>qnoque</span> <span class='ocrx_word' id='word_1_276' title='bbox 1535 3971 1575 4043; x_wconf 90' lang='lat' dir='ltr'>in</span> <span class='ocrx_word' id='word_1_277' title='bbox 1605 3966 1724 4048; x_wconf 72' lang='lat' dir='ltr'>Chora</span> <span class='ocrx_word' id='word_1_278' title='bbox 1746 3977 1909 4074; x_wconf 85' lang='lat' dir='ltr'>peragi,</span> 
     </span>
     <span class='ocr_line' id='line_1_28' title="bbox 187 4088 1909 4189; baseline 0.005 -22"><span class='ocrx_word' id='word_1_279' title='bbox 187 4118 285 4171; x_wconf 77' lang='lat' dir='ltr'>,non</span> <span class='ocrx_word' id='word_1_280' title='bbox 307 4092 433 4168; x_wconf 89' lang='lat' dir='ltr'>solum</span> <span class='ocrx_word' id='word_1_281' title='bbox 460 4088 581 4188; x_wconf 82' lang='lat' dir='ltr'>hujus</span> <span class='ocrx_word' id='word_1_282' title='bbox 601 4095 763 4187; x_wconf 84' lang='lat' dir='ltr'>generis</span> <span class='ocrx_word' id='word_1_283' title='bbox 784 4092 964 4189; x_wconf 79' lang='lat' dir='ltr'>stirpium</span> <span class='ocrx_word' id='word_1_284' title='bbox 985 4092 1083 4166; x_wconf 84' lang='lat' dir='ltr'>vitae</span> <span class='ocrx_word' id='word_1_285' title='bbox 1099 4096 1224 4176; x_wconf 87' lang='lat' dir='ltr'>ratio,</span> <span class='ocrx_word' id='word_1_286' title='bbox 1261 4093 1325 4177; x_wconf 78' lang='lat' dir='ltr'>sed</span> <span class='ocrx_word' id='word_1_287' title='bbox 1351 4105 1394 4169; x_wconf 93' lang='lat' dir='ltr'>et</span> <span class='ocrx_word' id='word_1_288' title='bbox 1413 4092 1643 4188; x_wconf 85' lang='lat' dir='ltr'>genitalium</span> <span class='ocrx_word' id='word_1_289' title='bbox 1670 4099 1831 4183; x_wconf 87' lang='lat' dir='ltr'>suornm</span> <span class='ocrx_word' id='word_1_290' title='bbox 1851 4100 1909 4175; x_wconf 86' lang='lat' dir='ltr'>fa·</span> 
     </span>
     <span class='ocr_line' id='line_1_29' title="bbox 197 4200 1911 4321; baseline 0.001 -25"><span class='ocrx_word' id='word_1_291' title='bbox 197 4222 310 4297; x_wconf 89' lang='lat' dir='ltr'>brica</span> <span class='ocrx_word' id='word_1_292' title='bbox 339 4222 522 4293; x_wconf 88' lang='lat' dir='ltr'>innuunt.</span> <span class='ocrx_word' id='word_1_293' title='bbox 587 4215 787 4293; x_wconf 88' lang='lat' dir='ltr'>Ovarium</span> <span class='ocrx_word' id='word_1_294' title='bbox 820 4238 965 4316; x_wconf 85' lang='lat' dir='ltr'>nempe</span> <span class='ocrx_word' id='word_1_295' title='bbox 992 4221 1031 4290; x_wconf 90' lang='lat' dir='ltr'>in</span> <span class='ocrx_word' id='word_1_296' title='bbox 1062 4216 1195 4294; x_wconf 88' lang='lat' dir='ltr'>Chara</span> <span class='ocrx_word' id='word_1_297' title='bbox 1219 4216 1380 4315; x_wconf 72' lang='lat' dir='ltr'>uulgmr&#39;,</span> <span class='ocrx_word' id='word_1_298' title='bbox 1430 4222 1576 4296; x_wconf 90' lang='lat' dir='ltr'>nucula</span> <span class='ocrx_word' id='word_1_299' title='bbox 1608 4222 1665 4298; x_wconf 91' lang='lat' dir='ltr'>est</span> <span class='ocrx_word' id='word_1_300' title='bbox 1688 4200 1911 4321; x_wconf 44' lang='lat' dir='ltr'>crustaeeaq</span> 
     </span>
     <span class='ocr_line' id='line_1_30' title="bbox 197 4340 1910 4444; baseline 0.002 -21"><span class='ocrx_word' id='word_1_301' title='bbox 197 4346 308 4444; x_wconf 89' lang='lat' dir='ltr'>stylo</span> <span class='ocrx_word' id='word_1_302' title='bbox 329 4358 450 4440; x_wconf 87' lang='lat' dir='ltr'>atque</span> <span class='ocrx_word' id='word_1_303' title='bbox 474 4344 656 4438; x_wconf 85' lang='lat' dir='ltr'>stigmate</span> <span class='ocrx_word' id='word_1_304' title='bbox 681 4362 843 4426; x_wconf 90' lang='lat' dir='ltr'>carens,</span> <span class='ocrx_word' id='word_1_305' title='bbox 869 4344 980 4418; x_wconf 90' lang='lat' dir='ltr'>intus</span> <span class='ocrx_word' id='word_1_306' title='bbox 997 4340 1115 4442; x_wconf 90' lang='lat' dir='ltr'>pulpa</span> <span class='ocrx_word' id='word_1_307' title='bbox 1130 4356 1253 4438; x_wconf 89' lang='lat' dir='ltr'>atque</span> <span class='ocrx_word' id='word_1_308' title='bbox 1270 4347 1404 4420; x_wconf 88' lang='lat' dir='ltr'>ovulis</span> <span class='ocrx_word' id='word_1_309' title='bbox 1426 4346 1594 4430; x_wconf 86' lang='lat' dir='ltr'>referta,</span> <span class='ocrx_word' id='word_1_310' title='bbox 1631 4360 1754 4423; x_wconf 88' lang='lat' dir='ltr'>extus</span> <span class='ocrx_word' id='word_1_311' title='bbox 1775 4363 1910 4426; x_wconf 89' lang='lat' dir='ltr'>autem</span> 
     </span>
     <span class='ocr_line' id='line_1_31' title="bbox 199 4466 1911 4572; baseline 0.004 -27"><span class='ocrx_word' id='word_1_312' title='bbox 199 4474 464 4566; x_wconf 88' lang='lat' dir='ltr'>integerrimo</span> <span class='ocrx_word' id='word_1_313' title='bbox 488 4469 699 4546; x_wconf 87' lang='lat' dir='ltr'>invulucru</span> <span class='ocrx_word' id='word_1_314' title='bbox 722 4466 1026 4543; x_wconf 86' lang='lat' dir='ltr'>membranaceo</span> <span class='ocrx_word' id='word_1_315' title='bbox 1055 4468 1214 4554; x_wconf 88' lang='lat' dir='ltr'>vestita,</span> <span class='ocrx_word' id='word_1_316' title='bbox 1239 4471 1347 4565; x_wconf 88' lang='lat' dir='ltr'>quod</span> <span class='ocrx_word' id='word_1_317' title='bbox 1365 4474 1546 4570; x_wconf 89' lang='lat' dir='ltr'>calyptra</span> <span class='ocrx_word' id='word_1_318' title='bbox 1563 4472 1645 4547; x_wconf 68' lang='lat' dir='ltr'>dici¹</span> <span class='ocrx_word' id='word_1_319' title='bbox 1658 4474 1802 4572; x_wconf 87' lang='lat' dir='ltr'>posset,</span> <span class='ocrx_word' id='word_1_320' title='bbox 1840 4476 1911 4551; x_wconf 83' lang='lat' dir='ltr'>nisi</span> 
     </span>
     <span class='ocr_line' id='line_1_32' title="bbox 200 4582 1912 4698; baseline 0.001 -24"><span class='ocrx_word' id='word_1_321' title='bbox 200 4602 313 4675; x_wconf 89' lang='lat' dir='ltr'>omni</span> <span class='ocrx_word' id='word_1_322' title='bbox 333 4618 424 4673; x_wconf 89' lang='lat' dir='ltr'>cum</span> <span class='ocrx_word' id='word_1_323' title='bbox 445 4600 586 4672; x_wconf 89' lang='lat' dir='ltr'>ovario</span> <span class='ocrx_word' id='word_1_324' title='bbox 606 4602 764 4671; x_wconf 82' lang='lat' dir='ltr'>careret</span> <span class='ocrx_word' id='word_1_325' title='bbox 779 4613 917 4677; x_wconf 83' lang='lat' dir='ltr'>nexu,</span> <span class='ocrx_word' id='word_1_326' title='bbox 949 4614 1023 4668; x_wconf 89' lang='lat' dir='ltr'>nec</span> <span class='ocrx_word' id='word_1_327' title='bbox 1043 4595 1092 4670; x_wconf 91' lang='lat' dir='ltr'>ab</span> <span class='ocrx_word' id='word_1_328' title='bbox 1117 4619 1167 4671; x_wconf 88' lang='lat' dir='ltr'>eo</span> <span class='ocrx_word' id='word_1_329' title='bbox 1190 4616 1366 4691; x_wconf 89' lang='lat' dir='ltr'>unquam</span> <span class='ocrx_word' id='word_1_330' title='bbox 1387 4597 1527 4698; x_wconf 90' lang='lat' dir='ltr'>sponte</span> <span class='ocrx_word' id='word_1_331' title='bbox 1554 4582 1764 4674; x_wconf 69' lang='lat' dir='ltr'>secederet.</span> <span class='ocrx_word' id='word_1_332' title='bbox 1804 4601 1912 4676; x_wconf 85' lang='lat' dir='ltr'>Huic</span> 
     </span>
     <span class='ocr_line' id='line_1_33' title="bbox 200 4704 1912 4841; baseline 0.001 -41"><span class='ocrx_word' id='word_1_333' title='bbox 200 4726 348 4802; x_wconf 82' lang='lat' dir='ltr'>ovario</span> <span class='ocrx_word' id='word_1_334' title='bbox 361 4723 505 4799; x_wconf 89' lang='lat' dir='ltr'>sociam</span> <span class='ocrx_word' id='word_1_335' title='bbox 520 4720 703 4797; x_wconf 87' lang='lat' dir='ltr'>nonnulli</span> <span class='ocrx_word' id='word_1_336' title='bbox 721 4724 788 4815; x_wconf 90' lang='lat'>(1)</span> <span class='ocrx_word' id='word_1_337' title='bbox 811 4718 990 4841; x_wconf 74' lang='lat' dir='ltr'>statuunt</span> <span class='ocrx_word' id='word_1_338' title='bbox 1006 4720 1215 4799; x_wconf 75' lang='lat' dir='ltr'>antherum</span> <span class='ocrx_word' id='word_1_339' title='bbox 1232 4721 1414 4797; x_wconf 84' lang='lat' dir='ltr'>seililem:</span> <span class='ocrx_word' id='word_1_340' title='bbox 1442 4704 1648 4817; x_wconf 82' lang='lat' dir='ltr'>globulum</span> <span class='ocrx_word' id='word_1_341' title='bbox 1667 4748 1812 4825; x_wconf 86' lang='lat' dir='ltr'>nempe</span> <span class='ocrx_word' id='word_1_342' title='bbox 1826 4751 1912 4801; x_wconf 86' lang='lat' dir='ltr'>cro-</span> 
     </span>
    </p>

    <p class='ocr_par' dir='ltr' id='par_1_4' title="bbox 1472 4876 1911 4937">
     <span class='ocr_line' id='line_1_34' title="bbox 1472 4876 1911 4935; baseline 0.002 -9"><span class='ocrx_word' id='word_1_343' title='bbox 1472 4884 1478 4895; x_wconf 91' lang='lat'>·</span> <span class='ocrx_word' id='word_1_344' title='bbox 1665 4898 1672 4935; x_wconf 52' lang='grc' dir='ltr'>ς</span> <span class='ocrx_word' id='word_1_345' title='bbox 1714 4898 1748 4935; x_wconf 78' lang='grc'>;,</span> <span class='ocrx_word' id='word_1_346' title='bbox 1798 4876 1911 4929; x_wconf 82' lang='lat' dir='ltr'>ceum</span> 
     </span>
    </p>
   </div>
   <div class='ocr_carea' id='block_1_4' title="bbox 246 4971 1911 5211">
    <p class='ocr_par' dir='ltr' id='par_1_5' title="bbox 246 4971 1911 5211">
     <span class='ocr_line' id='line_1_35' title="bbox 246 4971 1911 5065; baseline 0.003 -28"><span class='ocrx_word' id='word_1_347' title='bbox 246 4977 295 5056; x_wconf 82' lang='lat' dir='ltr'>a.)</span> <span class='ocrx_word' id='word_1_348' title='bbox 320 4979 472 5039; x_wconf 74' lang='lat' dir='ltr'>Vacat.</span> <span class='ocrx_word' id='word_1_349' title='bbox 489 4973 553 5037; x_wconf 67' lang='lat' dir='ltr'>A&amp;</span> <span class='ocrx_word' id='word_1_350' title='bbox 571 4971 640 5054; x_wconf 76' lang='lat' dir='ltr'>gell.</span> <span class='ocrx_word' id='word_1_351' title='bbox 666 4989 743 5052; x_wconf 74' lang='lat'><strong>¹7¹9·</strong></span> <span class='ocrx_word' id='word_1_352' title='bbox 762 4987 821 5047; x_wconf 65' lang='lat' dir='ltr'>aa</span> <span class='ocrx_word' id='word_1_353' title='bbox 844 4976 1044 5045; x_wconf 68' lang='lat' dir='ltr'>Ferrea.</span> <span class='ocrx_word' id='word_1_354' title='bbox 1185 4992 1254 5054; x_wconf 74' lang='lat' dir='ltr'>gen.</span> <span class='ocrx_word' id='word_1_355' title='bbox 1275 4993 1352 5047; x_wconf 81' lang='lat'>1203.</span> <span class='ocrx_word' id='word_1_356' title='bbox 1372 4979 1560 5039; x_wconf 75' lang='lat' dir='ltr'>sennium.</span> <span class='ocrx_word' id='word_1_357' title='bbox 1582 4976 1797 5064; x_wconf 55' lang='lat' dir='ltr'>analeum</span> <span class='ocrx_word' id='word_1_358' title='bbox 1824 4996 1844 5041; x_wconf 83' lang='lat' dir='ltr'>t.</span> <span class='ocrx_word' id='word_1_359' title='bbox 1867 4999 1911 5065; x_wconf 82' lang='lat'>¹4·</span> 
     </span>
     <span class='ocr_line' id='line_1_36' title="bbox 320 5060 1695 5211; baseline 0.004 -88"><span class='ocrx_word' id='word_1_360' title='bbox 320 5060 442 5125; x_wconf 82' lang='lat' dir='ltr'>Anrbol</span> <span class='ocrx_word' id='word_1_361' title='bbox 457 5084 488 5145; x_wconf 86' lang='lat' dir='ltr'>p.</span> <span class='ocrx_word' id='word_1_362' title='bbox 504 5068 560 5124; x_wconf 85' lang='lat'>116.</span> <span class='ocrx_word' id='word_1_363' title='bbox 578 5066 689 5128; x_wconf 68' lang='lat' dir='ltr'>Dite.</span> <span class='ocrx_word' id='word_1_364' title='bbox 707 5081 775 5141; x_wconf 79' lang='lat' dir='ltr'>geu.</span> <span class='ocrx_word' id='word_1_365' title='bbox 796 5074 839 5131; x_wconf 78' lang='lat' dir='ltr'>tt·</span> <span class='ocrx_word' id='word_1_366' title='bbox 853 5074 874 5125; x_wconf 81' lang='lat' dir='ltr'>t.</span> <span class='ocrx_word' id='word_1_367' title='bbox 887 5080 915 5125; x_wconf 78' lang='lat' dir='ltr'>a.</span> <span class='ocrx_word' id='word_1_368' title='bbox 935 5066 1042 5126; x_wconf 71' lang='lat' dir='ltr'>trau.</span> <span class='ocrx_word' id='word_1_369' title='bbox 1084 5156 1109 5211; x_wconf 60' lang='lat' dir='ltr'>e</span> <span class='ocrx_word' id='word_1_370' title='bbox 1189 5065 1306 5125; x_wconf 80' lang='lat' dir='ltr'>lianw.</span> <span class='ocrx_word' id='word_1_371' title='bbox 1328 5062 1426 5126; x_wconf 78' lang='lat' dir='ltr'>neor.</span> <span class='ocrx_word' id='word_1_372' title='bbox 1441 5077 1573 5173; x_wconf 74' lang='lat' dir='ltr'>generat.</span> <span class='ocrx_word' id='word_1_373' title='bbox 1587 5085 1622 5181; x_wconf 70' lang='lat' dir='ltr'>p.7</span> <span class='ocrx_word' id='word_1_374' title='bbox 1638 5083 1695 5183; x_wconf 68' lang='lat' dir='ltr'>aas.</span> 
     </span>
    </p>
   </div>
   <div class='ocr_carea' id='block_1_5' title="bbox 0 0 2437 6052">
    <p class='ocr_par' dir='ltr' id='par_1_6' title="bbox 0 0 2437 6052">
     <span class='ocr_line' id='line_1_37' title="bbox 0 0 2437 6052; baseline 0 0"><span class='ocrx_word' id='word_1_375' title='bbox 0 0 2437 6052; x_wconf 95' lang='lat' dir='ltr'> </span> 
     </span>
    </p>
   </div>
  </div>
 </body>
</html>
