4878 6064
958 496 1274 555 ‘·'··········
1766 522 1952 581 ccxxvii

251 724 292 801 dr
310 722 507 824 Jalappis,
534 724 601 798 sua
620 724 782 800 interno
801 720 948 800 fruitui
971 723 1142 820 dignitas
1156 724 1232 810 est:
1257 721 1296 798 dr
1312 726 1351 796 in
1368 721 1505 798 multis
1532 728 1749 818 generibus
1770 739 1944 830 particu.

248 851 418 937 laribus,
444 853 658 948 embryoni
670 861 739 927 aut
755 851 912 927 seminis
924 851 1093 927 fabricae
1116 856 1319 942 internae,
1343 847 1553 925 essentialis
1566 853 1768 932 charadier
1783 861 1943 964 inscrip-

249 984 318 1051 tus
341 978 415 1062 est,
445 981 553 1052 utin
575 977 795 1064 Nelumbo,
821 976 1118 1078 Menispermo,
1144 973 1381 1071 Caryolobi,
1412 974 1774 1081 Embryopteride,
1805 987 1945 1084 Myri.

246 1102 364 1188 stica,
391 1101 546 1191 Gaura,
571 1105 783 1201 Koenigia,
814 1103 984 1188 Rivina,
1009 1102 1126 1187 Tilia,
1158 1099 1403 1197 Phyllantho
1424 1101 1464 1178 dt
1489 1105 1577 1180 aliis
1600 1107 1758 1185 multis:
1784 1119 1830 1184 ut
1853 1112 1944 1187 satis

247 1239 456 1329 appareat,
491 1230 598 1327 quod
618 1231 807 1307 tutislima
827 1232 941 1330 saepe
968 1226 1420 1323 diagnostica‘generum
1446 1227 1572 1323 signa,
1608 1236 1649 1307 in
1678 1236 1818 1309 intimo
1838 1234 1946 1310 sruc-

247 1362 364 1430 tuum
379 1357 528 1434 recessu
539 1355 665 1433 locata
683 1357 782 1451 smt,
808 1354 969 1449 &quod
987 1353 1057 1431 vel
1074 1355 1161 1428 ideo
1184 1375 1346 1449 quoque
1372 1377 1430 1428 ex
1450 1358 1629 1433 tenebris
1653 1359 1734 1436 istis
1758 1383 1942 1435 merean-

246 1488 316 1554 tur
339 1486 446 1568 erui,
475 1487 567 1579 quia
598 1484 688 1584 post
713 1483 837 1579 ipsum
865 1481 980 1558 floris
1002 1479 1200 1580 delapsum
1232 1479 1282 1556 ad
1306 1488 1455 1556 certam
1487 1483 1645 1581 plantae
1674 1489 1944 1581 cognitionem

245 1605 392 1684 ducere
425 1608 596 1709 poliunt.

342 1818 422 1900 Sed
445 1828 485 1899 in
509 1823 662 1904 deledtu
684 1827 848 1904 istorum
868 1828 1073 1925 lignorum
1095 1828 1234 1921 utique
1256 1823 1399 1900 modus
1426 1827 1632 1907 habendus
1657 1832 1732 1919 eu,
1767 1855 1820 1910 ne
1848 1838 1944 1910 acci·

244 1946 467 2027 dentalibus
488 1964 559 2028 aut
577 1957 743 2031 minoris
772 1960 965 2031 momenti
991 1953 1229 2029 differentiis
1254 1946 1360 2047 justo
1388 1950 1515 2049 majus
1541 1959 1742 2034 tribuatur
1765 1961 1944 2059 pondus,

243 2094 320 2149 nec
337 2099 485 2171 genera
503 2088 656 2176 praeter
673 2081 941 2157 necessitatem
971 2080 1296 2178 multiplicentur.
1346 2081 1519 2157 Difficile
1547 2083 1606 2159 est
1635 2086 1724 2161 heic
1753 2096 1884 2161 certas
1904 2087 1945 2161 δι

241 2201 391 2297 ubique
409 2207 662 2305 applicabiles
677 2209 837 2304 regulas
854 2208 1127 2308 praescribere,
1154 2207 1246 2298 quia
1261 2204 1364 2281 idem
1383 2206 1527 2283 sormae
1547 2220 1617 2284 aut
1637 2211 1796 2287 fabricae
1812 2211 1944 2287 discri-

242 2351 357 2415 men,
383 2333 424 2404 in
440 2331 514 2406 alia
525 2331 685 2419 familia,
713 2338 862 2430 magni,
887 2334 926 2409 dc
942 2337 981 2408 in
998 2354 1231 2428 quacunque
1244 2334 1336 2418 alia,
1349 2332 1697 2434 nulliusponderis
1709 2336 1785 2411 eise
1794 2336 1944 2435 potest,

242 2478 368 2551 quare
380 2460 498 2534 etiam
505 2458 707 2554 lignorum
717 2461 879 2536 istorum
894 2461 1130 2536 valorasolo
1141 2455 1288 2555 judicio
1303 2456 1475 2557 pradtico
1483 2462 1640 2556 pendet
1669 2461 1861 2540 Attamen
1875 2486 1945 2557 ge-

124 2610 130 2619 ·
241 2586 413 2659 neratim
427 2584 627 2661 affirmare
641 2588 751 2672 licet,
776 2587 884 2682 quod
898 2589 985 2661 aliae
1005 2583 1208 2661 frustuum
1221 2596 1357 2685 partes
1369 2595 1438 2661 aut
1455 2586 1786 2672 modificationes,
1812 2591 1941 2662 mino·

240 2733 329 2784 rem
347 2712 416 2789 vel
442 2712 482 2787 dt
505 2713 675 2798 nullam,
701 2714 789 2788 aliae
810 2736 912 2790 vero
943 2708 1153 2809 majorem,
1179 2715 1275 2807 quin
1302 2715 1561 2813 praecipuam,
1595 2715 1636 2785 in
1660 2713 1941 2789 constituendis

242 2841 478 2934 generibus,
524 2847 755 2915 mereantur
785 2843 1057 2915 attentionem.
1108 2835 1176 2912 Ad
1211 2842 1369 2937 priores
1409 2839 1648 2913 referimus:
1698 2841 1942 2942 confidentiam

240 2968 469 3064 pericarpii‚
504 2968 744 3064 receptaculi
774 2970 996 3042 communis
1023 2965 1062 3040 δι
1096 2964 1326 3051 albuminis3
1363 2990 1534 3041 numerum
1562 2963 1940 3049 loculamentorum,

239 3092 494 3167 valvularum
526 3092 565 3169 dr
590 3093 807 3178 seminum:
844 3088 1114 3190 magnitudinem
1138 3090 1177 3166 dt
1203 3089 1413 3166 crassitiem
1435 3090 1698 3186 embryonis:
1731 3100 1939 3166 curvaturas

240 3213 281 3289 &
308 3217 429 3316 plicas
452 3218 629 3295 leviores
655 3219 964 3315 cotyledonum:
1008 3219 1048 3294 ἃ
1076 3218 1247 3312 denique
1277 3213 1464 3316 absentiam
1485 3226 1555 3291 aut
1576 3215 1826 3314 praesentiam
1851 3219 1939 3317 plu-

237 3344 379 3418 mulae:
410 3346 497 3420 haec
513 3349 617 3420 enim
633 3350 766 3420 omnia
781 3349 821 3420 in
833 3344 1001 3422 diversis
1014 3346 1135 3420 unius
1158 3346 1321 3438 generis
1342 3343 1545 3443 speciebus
1570 3341 1727 3420 diversa
1740 3343 1824 3441 ,eise
1847 3344 1937 3441 pos·

236 3466 336 3545 sunt.
386 3469 679 3548 Posterioribus
698 3482 832 3546 autem
853 3474 1034 3570 inprimis
1062 3468 1333 3544 accensemus:

381 3679 498 3761 Situm
517 3686 712 3782 partium,
736 3689 784 3756 ut
804 3683 1034 3781 pericarpii‚
1060 3679 1446 3761 loculamentorum,
1483 3677 1738 3778 receptaculi,
1765 3682 1805 3756 dr
1826 3682 1930 3757 radi-

435 3808 538 3883 culae
552 3811 808 3905 embryonis:
832 3832 925 3903 quae
948 3810 1053 3882 enim
1078 3805 1152 3878 litu
1172 3807 1345 3903 partium
1362 3805 1521 3879 istarum
1543 3801 1755 3888 differunt,
1780 3827 1930 3899 genere

433 3957 595 4031 quoque
616 3934 779 4012 differre
806 3933 996 4011 censenda
1016 3933 1123 4015 sunt,
1149 3929 1219 4005 etii
1237 3933 1349 4029 paria
1367 3927 1444 4002 sint
1467 3928 1621 4022 reliqua
1637 3933 1780 4005 omnia.

381 4119 545 4197 Formam
568 4124 807 4223 receptaculi
838 4124 1027 4199 seminum
1053 4117 1279 4211 definitam,
1310 4123 1379 4189 aut
1410 4112 1677 4188 indefinitam:
1718 4117 1771 4189 ita
1794 4114 1930 4233 differt
1995 4134 1999 4137 ’

433 4246 590 4345 Jussiaea
612 4273 634 4322 a
655 4247 883 4344 Ludwigia,
909 4246 1146 4321 lVlelastoma
1164 4244 1212 4318 ab
1236 4238 1433 4328 Osbekia,
1470 4239 1709 4316 Gardeniaa
1734 4240 1940 4318 lliull'aen-v

434 4371 503 4459 da,
534 4373 718 4472 Papaver
744 4375 791 4449 ab
812 4372 1059 4469 Argemone.

382 4552 532 4632 Aritium
547 4558 738 4635 &testam
760 4559 975 4634 baccatum:
1002 4556 1094 4629 hinc
1107 4554 1261 4630 diversa
1279 4553 1337 4630 est
1348 4549 1488 4629 Coffea
1505 4552 1727 4646 aPavetta,
1752 4548 1930 4650 Nydian·

435 4683 527 4759 thes
547 4708 571 4759 a
590 4683 756 4771 Parilio,
782 4683 1066 4763 Commersona
1083 4706 1106 4755 a
1123 4676 1401 4780 Sparmannia,
1427 4681 1517 4755 Ixia
1540 4702 1562 4752 a
1580 4677 1750 4753 Moraea.

377 4862 547 4945 Albumen
569 4846 835 4951 craffiilimum
858 4880 927 4948 aut
947 4868 1121 4944 nullum:
1146 4867 1239 4943 hinc
1252 4860 1404 4963 Nageja
1423 4859 1597 4941 distincta
1619 4886 1643 4937 a
1663 4860 1836 4960 Myrlea.

1125 5109 1151 5162 2
1702 5068 1932 5170 Embryonem
