4878 6064
939 492 1251 564 ψ..-.-.··..-..·-..
1697 488 1710 499 ’
1790 486 1966 550 caxxrn

235 703 423 801 ‚quilinls
435 699 515 779 suls
529 700 686 779 viribus
710 703 751 778 ln
767 721 917 778 novam
940 694 1116 800 plantam
1130 701 1395 780 convalescat.
1446 695 1608 777 Gaudet
1621 702 1728 783 enim
1746 705 1867 782 velin
1886 709 1968 810 ipso

257 833 327 906 suo
348 831 613 905 involutionis
628 829 748 913 statu,
774 832 855 905 vita
874 832 1059 929 propria,
1084 830 1147 905 sed
1169 829 1348 905 nondum
1361 820 1509 915 estiva,
1535 852 1627 916 nec,
1649 828 1829 930 respectu
1848 835 1967 914 durar-

259 959 382 1033 tionis
400 956 502 1041 suae,
528 959 567 1030 in
580 956 766 1031 omnibus
787 955 940 1050 aequali.
990 953 1082 1030 Alia
1095 979 1240 1055 nempe
1258 957 1422 1042 semina,
1447 950 1565 1032 brevi
1576 948 1847 1052 aegentivam
1856 962 1967 1041 liram

263 1085 459 1159 virtutem
481 1085 687 1175 amittunt,
713 1079 836 1156 &nili
850 1080 978 1157 statim
1004 1082 1094 1180 post
1115 1085 1384 1157 maturitatem
1407 1081 1515 1156 suam
1546 1091 1673 1157 terrae
1701 1087 1967 1179 mandentur,

259 1211 334 1284 vix
347 1206 516 1305 amplius
533 1211 779 1301 germinant,
804 1217 851 1282 ut
865 1186 1159 1306 Rhizoplrorae,
1184 1205 1363 1291 Coffeae,
1387 1207 1617 1303 Angelicae,
1645 1206 1791 1299 Theae,
1819 1214 1969 1293 Fraxi-

259 1334 380 1409 nellae
399 1333 473 1407 &c
519 1331 614 1407 Alia
628 1344 769 1408 contra
789 1335 829 1407 in
846 1333 1080 1428 vigefimum
1095 1344 1164 1407 aut
1182 1333 1520 1429 quadragesimum
1540 1352 1671 1429 usque
1686 1346 1846 1413 ‘annum
1871 1338 1969 1422 viva

261 1459 302 1535 δι
320 1472 468 1553 vegeta
488 1470 671 1545 manent,
695 1468 743 1534 ut
756 1459 940 1535 lVlimosae
956 1460 995 1535 &
1021 1461 1230 1536 variorum
1255 1455 1548 1554 Leguminum
1574 1463 1681 1556 imo,
1704 1462 1734 1535 fi
1754 1485 1854 1541 vera
1873 1483 1969 1544 nar‘·

259 1596 374 1669 rant,
401 1582 551 1660 Secalis
577 1605 700 1679 grana
722 1597 976 1684 peremtum
995 1585 1306 1681 &quadraginta
1330 1606 1460 1663 annos
1481 1584 1693 1671 all'ervata,
1729 1590 1856 1667 adhuc
1874 1612 1969 1689 ger.

261 1708 421 1787 minass’e
441 1711 521 1784 visa
541 1710 641 1788 sunt.
692 1708 779 1787 Sed'
794 1712 1019 1788 ordinarius
1036 1713 1077 1787 &
1098 1712 1309 1787 consuetus
1319 1713 1419 1787 vitae
1442 1716 1892 1812 embryonis'terminus
1906 1720 1967 1797 i'n‘-

261 1848 326 1917 tra
353 1830 538 1935 quartum
557 1850 629 1913 aut
654 1835 840 1916 octavum
862 1861 1012 1914 annum
1034 1840 1230 1914 contineri
1250 1814 1431 1920 videtur,
1455 1849 1504 1915 ut
1522 1851 1656 1917 tamen
1673 1862 1750 1943 pro
1763 1839 1981 1940 cujuslibet·

261 1966 403 2066 speciei
417 1964 610 2064 peculiari·
627 1965 781 2060 indole,
803 1965 844 2040 δι
863 1989 939 2064 pro
955 1966 1069 2041 varia
1086 1964 1313 2049 succorum,
1341 1966 1525 2064 inprimis
1541 1968 1620 2043 olei
1639 1972 1744 2044 intra
1764 1967 1972 2066 cotyledo-

261 2112 336 2170 nes
362 2092 431 2169 vel
457 2091 641 2166 albumen
665 2092 858 2167 haerentis
884 2095 1105 2186 quantitate
1129 2114 1175 2167 ac
1196 2102 1357 2178 natura,
1389 2115 1463 2191 per
1490 2117 1715 2195 congruum
1745 2103 1815 2170 aut
1836 2098 1978 2172 means

252 2240 409 2314 -gruum
426 2217 572 2295 semina
590 2214 811 2299 afl'ervandi
827 2218 1010 2304 modum,
1041 2218 1156 2295 varie
1175 2220 1216 2292 in
1235 2220 1360 2296 variis
1381 2218 1589 2319 protrahi,
1617 2225 1824 2298 autetiam
1846 2226 1979 2299 minui

265 2343 394 2445 poffit
1020 2344 1026 2357 ’

360 2529 483 2608 Bona
493 2544 639 2630 nempe
655 2526 847 2607 seminum
864 2523 1035 2607 custodia
1055 2529 1157 2607 effici
1176 2526 1328 2641 potest,
1354 2540 1404 2608 ut
1417 2530 1655 2630 embryonis
1672 2532 1762 2616 vita
1773 2535 1878 2612 haud
1893 2540 1976 2613 cito·

265 2660 548 2736 detrimentum
563 2661 712 2756 capiat,
738 2660 836 2752 quin
860 2657 900 2733 &
921 2660 962 2732 in
982 2655 1141 2753 longius
1163 2669 1326 2758 tempus
1347 2660 1484 2736 duret:
1509 2665 1563 2737 ita
1581 2666 1688 2738 enim
1716 2664 1792 2741 vel
1808 2661 1975 2763 limplioi

266 2786 401 2861 charta
419 2783 601 2860 involuta
620 2782 758 2858 Tritici
782 2785 949 2867 semina,
973 2805 1066 2878 quae
1092 2787 1165 2861 vix
1188 2792 1362 2879 quatuor
1381 2809 1510 2863 annos
1535 2789 1751 2883 vegetandi
1771 2790 1853 2864 vim
1877 2793 1977 2867 reti·

266 2920 382 2997 nent,
407 2934 494 2985 eam
519 2922 653 2986 tamen
674 2929 748 3012 per
771 2909 909 2984 d'ecem
936 2906 1138 2984 retinuiss'e
1166 2908 1584 3012 Dunnmnn1us'(,1.)
1605 2920 1803 3014 expertus
1828 2915 1904 3000 est3
1935 2917 1976 2993 δι

268 3040 323 3112 ita
342 3054 502 3132 quoque
515 3034 679 3122 semina,
706 3054 798 3133 quae
818 3032 938 3112 brevi
954 3039 994 3110 in
1011 3041 1104 3110 aere
1120 3025 1266 3113 effoeta
1286 3014 1411 3125 fiun‘t,
1435 3063 1510 3140 per
1534 3038 1707 3140 plurima
1725 3039 1848 3117 lustra
1866 3042 1975 3117 suam

268 3166 429 3242 servare
449 3156 699 3238 fertilitatem
712 3161 952 3238 notiliimum
976 3162 1050 3259 est,
1074 3160 1232 3259 quando
1252 3164 1437 3241 latis'alte
1470 3168 1511 3240 in
1540 3174 1664 3242 terrae
1688 3171 1886 3263 gremium
1913 3163 1977 3248 d'e'·

266 3292 476 3370 fodiuntur
491 3291 560 3366 vel
577 3291 721 3390 sponte
730 3314 780 3364 eo
803 3288 1032 3366 deveniunt.
1083 3283 1192 3364 Hinc
1215 3292 1415 3384 generalis
1436 3293 1575 3386 regula
1600 3291 1678 3367 est:
1706 3305 1754 3369 ut
1780 3293 1934 3370 semina
1955 3319 1984 3370 a

266 3419 395 3494 libero
422 3424 544 3500 a‘e‘ris,
583 3416 803 3517 praesertim
827 3416 1002 3491 calidi&
1033 3413 1182 3492 humidi
1206 3415 1379 3501 acceffu,
1404 3427 1713 3517 praecaveantur
1738 3418 1778 3494 ὅ(
1805 3418 1845 3494 in
1869 3421 1977 3510 loco,

268 3556 461 3641 quantum
491 3544 579 3617 fieri
601 3542 731 3642 potest
756 3536 901 3637 frigido
931 3543 971 3618 u
992 3542 1094 3618 liceo
1127 3541 1406 3622 custodiantur.
1457 3541 1605 3620 Cetera
1627 3550 1762 3621 autem
1786 3544 1952 3621 artificia
1971 3598 1991 3634 ,.

268 3673 398 3769 qualia
415 3666 627 3746 Euristus
646 3669 670 3768 (
681 3668 749 3768 a.)
768 3668 807 3744 &
823 3670 888 3742 alii
905 3673 1209 3763 excogitarunt,
1238 3692 1327 3744 cum
1348 3662 1499 3743 delectu
1518 3669 1557 3744 &
1580 3692 1655 3769 pro
1678 3672 1791 3746 varia
1819 3668 1979 3749 seminis

266 3798 448 3882 farinofi,
474 3795 612 3882 oleoli,
637 3809 708 3871 aut
728 3787 889 3870 relinoll
910 3794 1040 3871 indole
1059 3794 1325 3893 adoperanda,
1352 3794 1392 3869 δ’(
1411 3817 1487 3894 pro
1506 3793 1643 3893 scopo,
1669 3816 1790 3891 quern
1811 3817 1901 3871 cum
1921 3797 1981 3873 se.

267 3927 441 4001 minibus
465 3924 683 4009 habemus,
708 3925 762 3998 ita
784 3921 1001 3997 adhibenda
1030 3922 1138 4004 sunt,
1162 3929 1226 4005 ut',
1253 3923 1406 4014 quaein
1430 3919 1722 3996 nutrimentum
1749 3922 1885 3996 saltem
1910 3933 1988 3998 aut

269 4055 535 4153 propinquam
556 4048 776 4126 sementem
792 4048 980 4126 destinata
997 4049 1107 4131 lunt,
1131 4042 1220 4121 loco
1243 4054 1399 4120 tantum
1422 4040 1522 4120 liceo
1538 4068 1614 4121 nec
1635 4044 1762 4126 calido·
1777 4047 1986 4128 affervem

270 4179 515 4254 cortanna
537 4180 758 4277 pericarpia
778 4178 843 4252 sua
859 4178 1159 4273 relinquantur,
1185 4172 1254 4246 nili
1278 4172 1364 4247 liaec
1387 4173 1507 4280 nimis
1525 4170 1603 4246 lint
1618 4172 1862 4261 succulenta3
1888 4194 1986 4271 quar

273 4315 406 4381 autem
430 4325 601 4404 peregre
629 4304 821 4379 mittenda
846 4304 962 4390 sunt,
995 4303 1127 4379 cerata
1153 4298 1312 4381 charta,
1347 4298 1477 4375 vel&
1504 4296 1653 4375 cistulis
1678 4308 1789 4375 terra
1811 4297 1983 4379 sabulosa

194 4408 200 4417 ⁵
274 4434 440 4530 repletis
461 4432 716 4535 cl'aud'antur3
741 4429 996 4525 ardentque,
1021 4450 1112 4524 quae
1131 4424 1367 4502 curiofitati's
1389 4433 1543 4501 tantum
1566 4428 1693 4520 gratia
1711 4425 1988 4516 all'ervantur‘,¹

274 4559 418 4634 vitreis
437 4556 579 4655 phialis
608 4558 713 4636 liene
730 4556 943 4642 obturatis,
972 4576 1064 4631 cum
1094 4552 1275 4656 pauxillo
1300 4552 1504 4653 sulphuris
1530 4554 1617 4631 vivi
1639 4564 1711 4630 aut
1733 4555 1991 4655 camphorae,-

274 4686 563 4762 immittantur..
1107 4722 1112 4733 «
1907 4774 1985 4857 ΠΗ

322 4970 369 5053 r.)
390 4972 462 5036 Vnn
483 4967 539 5034 der
559 4963 690 5032 turma
712 4989 743 5056 p.
765 4971 816 5033 eu
1187 4964 1439 5135 affligegiporn
1467 4965 1519 5032 for
1538 4960 1683 5050 lunam
1713 4987 1789 5034 over
1819 4964 1919 5032 Scede.
1945 4964 1992 5037 iu.
