4852 6062
690 1206 1440 1353 PRAEFATIO.

211 1631 383 1803 Floris
396 1702 573 1772 curamm
591 1693 893 1791 disquifitionem
914 1696 955 1772 δι
968 1698 1230 1774 minutiorum
1257 1722 1417 1796 quoque
1438 1697 1525 1798 ejus
1544 1707 1719 1804 partium
1742 1706 1912 1784 sedulam

210 1851 580 1946 investigationem,
607 1850 782 1943 ingentis
798 1851 981 1928 utilitatis
999 1853 1099 1946 quin*
1115 1851 1353 1929 necessitatis
1371 1854 1446 1931 elle
1466 1857 1514 1931 ad
1533 1861 1610 1935 rite
1634 1859 1914 1954 dignoscendas

211 2006 532 2100 ordinandasque
551 2003 724 2104 plantas,
754 2009 1027 2082 recentiorum
1051 2005 1254 2091 industria,
1280 2008 1372 2083 satis
1389 2008 1428 2084 ἃ
1451 2010 1606 2088 abunde
1632 2016 1913 2093 confirmatum

209 2165 280 2241 est.
331 2158 411 2237 Sed
424 2163 483 2235 uti
496 2159 584 2234 haec
600 2158 799 2236 verissima
814 2164 920 2244 sunt,
952 2163 1003 2235 ita
1021 2150 1064 2236 'br
1086 2160 1124 2234 id
1146 2161 1419 2252 certiffimum,
1444 2167 1551 2279 quod
1570 2168 1735 2265 perinde
1751 2171 1913 2272 scrupu-

206 2322 356 2405 losum,
398 2319 438 2390 in
456 2310 715 2389 fructibus-u
734 2314 949 2390 seminibus
979 2314 1200 2393 institutum
1226 2318 1475 2405 scrutinium,
1511 2321 1617 2397 haud
1642 2326 1775 2399 minus
1796 2326 1912 2411 utile,

206 2482 338 2555 immo
348 2494 467 2556 vero,
496 2468 545 2544 ad
567 2472 635 2543 rei‘
648 2468 844 2546 herbariae
860 2468 1164 2570 perfectionem,
1190 2474 1260 2551 vel
1282 2476 1642 2571 maximequoque
1659 2477 1912 2556 neceffarium

204 2632 266 2709 fit.
297 2627 338 2704 A
356 2624 548 2703 frustibus
563 2626 688 2709 enim,
711 2625 933 2701 multorum
952 2648 1147 2721 generum
1163 2629 1252 2702 veri
1266 2627 1442 2726 pendent
1454 2626 1617 2715 limiteS,
1643 2630 1773 2706 &non
1787 2633 1911 2709 solum

203 2791 249 2862 in
267 2792 440 2862 externo
465 2802 608 2897 eorum
629 2779 784 2863 habitu,
807 2779 873 2855 sed
900 2783 1082 2881 inprimis
1101 2805 1262 2879 quoque
1284 2784 1324 2856 in
1356 2785 1513 2857 interna
1543 2783 1716 2883 ipsorum
1746 2785 1911 2874 fabrica,

201 2942 312 3042 saepe
322 2936 421 3013 adeo
437 2944 546 3012 certa
566 2932 804 3009 affinitatum
819 2936 1060 3012 naturalium
1081 2938 1259 3022 vincula,
1285 2937 1435 3014 &adeo
1453 2937 1655 3012 luculenta
1669 2937 1911 3037 specierum,

203 3117 421 3193 generum,
447 3092 686 3167 ordinumve
703 3061 1059 3188 deprehenduntur
1074 3091 1182 3186 figna
1197 3090 1440 3178 distinttiva,
1466 3102 1512 3168 ut
1533 3094 1718 3176 meliora,
1743 3097 1910 3169 tutiora-

204 3274 289 3349 que
304 3247 451 3325 frustra
472 3249 513 3322 in
537 3245 706 3321 floribus
722 3243 822 3343 iplis·
839 3244 1053 3338 quaelierisr
1104 3244 1185 3327 His
1205 3248 1369 3333 accedit,
1396 3248 1504 3344 quod
1521 3270 1603 3323 non
1628 3269 1768 3345 parum
1780 3244 1909 3344 juvet,

204 3403 317 3507 polle
330 3404 504 3503 plantam
521 3425 579 3476 ex
595 3400 726 3477 frudtu
742 3402 991 3497 dignoscere,
1016 3400 1174 3496 quando
1192 3399 1318 3478 flores
1333 3402 1502 3489 desunt}
1521 3400 1628 3498 quod
1640 3406 1787 3477 exotici
1801 3404 1909 3480 fruc-

201 3570 295 3645 tuS,
320 3561 360 3633 in
379 3556 672 3655 gazophilaceis
688 3554 888 3642 all'ervati,
918 3578 1001 3632 non
1020 3558 1096 3630 alia
1114 3558 1290 3641 ratione,
1316 3579 1435 3651 quam
1454 3581 1509 3636 ex
1524 3560 1688 3658 propria
1703 3557 1769 3631 sua
1788 3558 1908 3633 fabri·

202 3738 269 3801 ca,
294 3713 342 3789 ad
355 3720 464 3787 certa
487 3734 638 3806 genera
656 3721 804 3808 queant
819 3711 976 3796 reduci;
1001 3712 1041 3787 ὃ(
1061 3711 1167 3807 quod
1185 3713 1404 3806 generatim
1420 3713 1551 3786 omnis
1572 3712 1794 3809 plantarum
1816 3735 1909 3807 cog·

200 3873 311 3945 nitio
327 3889 466 3944 manca
484 3864 533 3941 fit
554 3875 678 3963 atque
696 3870 952 3968 incompleta,
978 3887 1069 3961 quae
1090 3887 1172 3938 non
1197 3866 1405 3939 universas
1428 3861 1713 3962 complettatur
1742 3862 1909 3940 frustill-

201 4026 371 4101 cationis
384 4029 542 4121 partes,
569 4044 646 4099 nec
662 4022 879 4100 distinttam
896 4023 945 4098 de
960 4018 1142 4114 siugulis,
1172 4020 1288 4093 etiam
1308 4017 1524 4094 reconditis
1547 4018 1586 4093 &
1607 4020 1907 4105 minutioribus,

201 4178 384 4279 praebeat
399 4177 600 4251 notitiam:
625 4184 673 4252 ut
686 4187 908 4262 taceamus,
935 4173 1042 4271 quod
1068 4174 1182 4249 varia
1207 4171 1246 4247 δι
1271 4194 1353 4246 non
1380 4174 1618 4270 spernenda,
1645 4177 1684 4247 in
1704 4171 1908 4269 phyfiolo·

199 4333 327 4429 giam,
354 4312 650 4439 oeconomiam,
676 4330 932 4406 &culturam
954 4327 1255 4423 vegetabilium,
1279 4350 1335 4400 ex
1348 4328 1546 4423 penitiore
1565 4327 1757 4401 seminum
1771 4331 1908 4422 cogni·

197 4489 335 4571 tione,
361 4485 590 4562 redundent
617 4486 843 4573 commoda,
875 4508 968 4581 quae
996 4438 1019 4558 a
1043 4480 1120 4556 sola
1150 4478 1371 4555 eorundem
1395 4475 1633 4578 inspet‘tione
1654 4479 1905 4579 llrperficial'r,

194 4643 432 4736 neutiquam
447 4626 669 4740 enpedtari,
697 4644 818 4717 immo
835 4663 887 4718 ne
901 4638 1060 4735 quidem
1074 4634 1255 4736 suspicari
1276 4642 1434 4727 queant.
1484 4630 1571 4706 Etli
1593 4656 1693 4709 vero
1714 4636 1801 4710 haec
1820 4661 1905 4711 om·

191 4801 264 4872 nia
277 4795 354 4871 sint
365 4794 601 4891 indubitata,
625 4804 761 4871 tamen
776 4793 933 4871 nonnifi
947 4791 1125 4868 modicos
1142 4787 1338 4864 hattenus
1353 4783 1591 4884 Carpologia
1609 4787 1702 4863 iecit
1723 4793 1905 4888 progres-

190 4953 289 5047 sam,
314 4950 355 5027 ἃ
381 4975 527 5053 parum
551 4951 636 5037 est,
653 4949 761 5047 quod
786 4951 928 5050 primis
955 4944 1210 5024 casarum
1236 4943 1413 5021 inventis
1435 4940 1559 5018 suerit
1582 4942 1785 5018 additumr
1810 4966 1901 5019 nam

1133 5122 1164 5174 a
1721 5096 1904 5194 plerique
