4878 6064
499 501 675 564 cxxxlv
848 534 853 545 ·
1192 486 1508 553 ω’

500 717 595 815 quid
615 721 749 789 autem
776 703 825 779 ab
846 699 934 791 hia,
959 694 1077 772 Testa
1104 692 1209 771 oii'ea
1230 694 1361 781 distet,
1396 695 1514 793 supra
1542 682 1744 776 diximum
1773 681 1900 785 quare
1916 687 1955 765 id
1974 695 2131 764 tantum
2151 628 2207 765 de*

502 842 592 942 ejus
610 846 777 916 textura
795 826 1009 908 addemus,
1034 820 1143 918 quod
1166 821 1252 897 fere
1275 822 1431 919 semper
1456 840 1512 893 ex
1541 814 1806 892 minutissimis
1821 812 1865 892 dr
1885 817 2204 917 impalpabilibua

502 963 709 1072 particulis
732 951 946 1056 compotita
963 948 1028 1033 fit,
1060 956 1333 1047 praeterquam
1353 947 1395 1017 in
1418 941 1594 1020 Camirio
1614 942 1654 1017 dt
1676 937 1869 1042 Sapindo,
1897 965 2073 1038 quorum
2102 945 2203 1020 testa

501 1116 558 1171 ex
580 1092 693 1169 fibris
717 1077 1031 1159 horizontalibus
1060 1073 1101 1149 δι
1118 1071 1432 1172 splendentibuS,
1456 1069 1577 1145 instar
1599 1067 1805 1146 Amianthi
1826 1076 1895 1144 aut
1910 1069 2039 1168 Gypfi
2059 1069 2202 1157 striati,

503 1219 673 1298 conflata
694 1212 772 1295 est;
797 1224 977 1282 necnon
997 1203 1037 1274 in
1060 1198 1281 1282 Mammea,
1307 1193 1421 1294 cujus
1440 1197 1537 1272 testa
1568 1220 1623 1270 ex
1648 1196 1763 1271 fibris
1790 1195 1977 1290 lignoiis,
2003 1196 2205 1295 praeduris

502 1356 547 1421 et
562 1347 666 1441 miro
695 1335 814 1415 modo
841 1335 947 1407 inter
965 1327 1004 1406 se
1020 1325 1384 1429 contortuplicatis‚
1407 1324 1494 1399 fere
1512 1324 1618 1401 utin
1637 1322 1764 1424 topho
1786 1322 1986 1407 radicum,
2008 1322 2203 1397 consarci-

506 1480 598 1547 nata
615 1458 941 1569 deprehenditur.

605 1677 891 1778 cujuscunque
913 1676 1050 1745 autem
1074 1665 1334 1742 coniistentiae
1355 1663 1396 1739 ἃ
1417 1665 1577 1742 fabricae
1601 1666 1650 1741 lit
1678 1664 1793 1749 testa,
1831 1666 1987 1764 semper
2009 1687 2066 1740 ex
2088 1668 2205 1739 unica

500 1820 627 1905 atque
655 1782 916 1898 integerrima
940 1796 1196 1893 componitur
1221 1794 1376 1875 tunica,
1401 1792 1646 1888 &quamvis
1667 1794 1707 1864 in
1733 1791 1955 1889 Diospyro,
1992 1789 2204 1887 Royenia,

505 1949 629 2033 atque
650 1932 794 2008 Ebeno
808 1918 992 2020 Rumpdii,
1017 1941 1092 2017 per
1109 1940 1271 1997 omnem
1295 1917 1405 1991 suum
1422 1920 1612 1995 ambitum
1627 1904 1725 1992 ad'eo
1741 1916 1941 2016 prohtnda
1962 1917 2066 1993 linea
2082 1918 2129 1993 fit
2144 1921 2204 1993 in·

508 2064 671 2159 scripta,
695 2065 743 2130 ut
754 2078 811 2129 ex
827 2051 977 2127 duabus
993 2046 1170 2123 valvulis
1185 2043 1442 2143 compositam
1456 2044 1531 2119 eise
1541 2041 1723 2141 jurares;
1748 2053 1883 2117 tamen
1899 2044 1967 2117 vel
1987 2046 2026 2115 in
2040 2044 2103 2118 his
2115 2043 2207 2142 ipsis

510 2186 768 2281 integerrima
787 2179 862 2262 est,
888 2200 964 2253 nec
981 2196 1157 2270 unquam
1178 2172 1293 2245 aliam
1310 2171 1428 2245 habet
1444 2181 1695 2267 aperturam,
1719 2177 1870 2270 praeter
1884 2168 2009 2243 solum
2023 2168 2208 2247 foramen

509 2307 760 2399 umbilicaie,
794 2305 901 2400 quod
926 2304 1034 2380 omni
1064 2320 1178 2375 verae
1192 2288 1361 2371 'seminis
1389 2297 1501 2373 testae
1521 2296 1734 2373 neceffario
1760 2296 1997 2396 insculptum
2024 2295 2091 2370 est.
2141 2291 2209 2399 Sic

507 2455 670 2531 quoque
696 2452 841 2528 porro,
865 2432 972 2505 inter
991 2424 1277 2505 constantiores
1298 2421 1409 2498 testae
1429 2423 1544 2501 dotes
1571 2421 1829 2501 referendum
1852 2420 1932 2514 est,
1964 2420 2071 2516 quod
2092 2423 2209 2497 unica

510 2561 707 2636 duntaxat
729 2557 841 2639 intus
862 2552 1032 2648 gaudeat
1050 2553 1221 2626 cavitate
1243 2570 1333 2625 cum
1364 2545 1506 2624 nucleo
1528 2550 1669 2624 unico:
1696 2548 1880 2651 exceptis
1902 2546 2113 2621 seminibus
2135 2542 2208 2622 Sa·

511 2684 648 2786 pindi‚
679 2680 939 2761 Crescentiae,
964 2675 1134 2777 Juffiaeae
1150 2672 1390 2770 smtcsrentis,
1414 2673 1455 2748 ὅ(
1479 2673 1769 2767 quodammodo
1789 2675 1909 2750 etiam
1931 2671 2135 2749 Morindae
2163 2672 2208 2748 ci·

512 2807 675 2907 trifolio,
701 2807 845 2901 quibus
865 2802 963 2881 testa
985 2801 1214 2876 biiocuiaris
1233 2802 1435 2899 competit
1485 2798 1544 2873 Et
1564 2799 1733 2893 denique
1759 2803 1878 2875 etiam
1897 2798 2210 2901 proprietatibus

513 2932 635 3032 hujus
652 2932 916 3027 integumenti
930 2925 1291 3011 annumerandum,
1317 2926 1424 3019 quod
1436 2925 1669 3001 saturatiore
1685 2925 1726 3000 δι
1746 2925 1941 3003 diversoa
1960 2926 2126 3020 reliquis
2151 2926 2208 2999 se-

482 3152 484 3157 ·
510 3064 631 3139 minis
651 3058 831 3156 partibus
854 3053 1024 3149 gaudeat
1049 3052 1215 3135 colore,
1241 3049 1285 3124 dr
1301 3052 1408 3145 quod
1422 3055 1463 3125 in
1483 3053 1686 3150 plerisque
1707 3053 1918 3127 seminibus
1944 3058 2097 3131 nexu'nr
2117 3075 2209 3127 cum

512 3187 657 3263 nucleo
681 3185 824 3263 habeat
846 3179 1024 3262 nullum,
1048 3178 1114 3252 sed
1133 3176 1245 3254 facile
1259 3178 1307 3251 ab
1324 3201 1375 3251 eo
1395 3175 1512 3275 poffit
1526 3175 1641 3260 solvi,
1668 3187 1938 3276 praeterquam
1954 3182 1994 3255 in
2011 3180 2208 3273 cartilage

513 3313 639 3396 nofls,
664 3308 893 3399 ruminatis,
925 3303 1093 3398 aliisque
1114 3304 1343 3399 nonnullis,
1367 3304 1836 3403 denmnocotyledonum
1850 3307 1974 3391 tribu,
2000 3305 2208 3401 inquibus

512 3441 611 3521 testa
629 3430 931 3539 pertinaciffime
952 3431 1095 3504 nucleo
1111 3430 1299 3508 adhaeret.
2161 3436 2166 3456 ¹

612 3647 875 3727 Mananaun
895 3661 1112 3727 turcana,
1136 3663 1221 3737 non
1235 3640 1392 3739 quidem
1412 3643 1519 3716 inter
1535 3639 1881 3737 contiantiffimas,
1906 3649 2079 3721 attamen
2103 3644 2209 3719 inter

514 3777 740 3854 utitatiores
759 3770 917 3847 seminis
932 3769 1086 3843 tunicas
1101 3768 1247 3846 referri
1265 3769 1462 3853 meretum
1487 3766 1557 3845 etii
1578 3772 1685 3844 enim
1708 3772 1810 3871 saepe
1827 3772 1998 3854 deficiat,
2024 3770 2209 3865 frequen·

513 3905 596 3978 tius
613 3911 746 3974 tamen
771 3893 899 3976 adest,
923 3891 963 3966 δι
983 3914 1269 3990 nonnunquam
1288 3894 1460 3970 deficere
1490 3894 1626 3971 saltem
1649 3896 1829 3986 videtur,
1854 3896 2012 3995 quando
2033 3918 2106 3994 per
2131 3918 2210 3969 ma-

514 4030 719 4102 turitatem
736 4019 853 4098 valde
868 4027 1104 4103 extenuata,
1129 4032 1198 4096 aut
1221 4045 1311 4097 cum
1328 4025 1799 4130 integumentoexterno
1821 4026 1875 4097 ita
1898 4023 2047 4099 coalita.
2063 4021 2138 4106 est,
2164 4029 2213 4094 ut

511 4173 597 4229 non
616 4148 786 4245 amplius
808 4147 885 4217 rite
899 4141 1080 4229 discerni,
1109 4148 1236 4241 multo
1258 4151 1390 4222 minus
1410 4156 1543 4222 autem
1560 4148 1703 4222 abhoc
1723 4149 1896 4247 separari
1915 4156 2048 4245 queat.
2097 4134 2212 4222 S'em·

514 4301 589 4378 per
615 4274 799 4351 nucleum
828 4271 1077 4367 proxime&
1105 4270 1312 4348 aritiiiime
1330 4273 1525 4359 investit,
1556 4295 1580 4345 a
1605 4271 1703 4348 testa
1724 4295 1828 4350 vero
1858 4275 2029 4350 libenter
2050 4271 2211 4356 secedit,

515 4406 557 4483 ὃ(
570 4401 640 4478 vei
662 4407 747 4473 tota
766 4395 1085 4481 membranacea,
1111 4400 1178 4475 vel
1203 4399 1243 4474 dc
1261 4401 1394 4474 rarius
1412 4398 1684 4502 subspongioi‘a
1706 4399 2029 4498 deprehenditur.
2078 4399 2213 4500 Aper-

514 4540 650 4605 turam
670 4523 821 4597 nullam
844 4520 981 4605 hahet,
1012 4544 1064 4595 ne
1079 4524 1337 4600 umbilicalem
1358 4526 1533 4621 quidem,
1560 4526 1625 4600 sed
1646 4526 1841 4601 sacculum
1864 4529 2077 4603 aemulatur
2098 4526 2212 4602 undi-

516 4681 596 4754 que
620 4649 810 4732 clausum,
835 4642 949 4742 cujus
974 4658 1188 4723 externam
1214 4651 1461 4747 superficiem
1487 4653 1577 4727 vasa
1603 4650 1836 4726 umbilicaiia
1855 4662 1974 4749 atque
1998 4653 2213 4729 nutrientia

514 4785 773 4885 perrepunt,
791 4773 1137 4866 suisqueostiolis
1159 4778 1262 4849 intra
1279 4771 1366 4871 ejus
1392 4780 1605 4855 cavitatem
1637 4777 1842 4855 insentibili
1862 4780 1980 4857 modo
2004 4780 2136 4863 hiant,
2168 4784 2214 4850 ut

515 4918 603 4995 tota
623 4907 711 4982 haec
728 4901 958 4979 membrana
976 4923 1000 4973 a
1020 4900 1114 4985 solis
1134 4901 1237 4980 vasae
1253 4903 1538 4985 umbilicalibus
1557 4904 1598 4985 dt
1618 4928 1640 4985 a
1670 4906 1801 4985 deleto
1824 4906 1937 4984 evuli
1959 4902 2113 4985 Chorio
2139 4927 2214 4980 ex·

2098 5036 2215 5109 citata
