4852 6062
1803 484 1871 542 vn

160 680 203 748 ut
231 672 376 746 matris
396 669 588 755 medulla,
627 671 667 745 in
688 667 774 744 aliis
796 668 883 744 fere
909 667 1073 764 liquida,
1112 669 1251 747 ieniim
1274 670 1316 745 in
1336 667 1526 759 farinam,
1562 681 1633 750 aut
1655 664 1886 776 pulverem*

33 846 39 859 -
162 799 452 897 impalpabilem
476 807 671 892 cogatur;
709 799 749 871 in
768 798 855 872 aliis
874 809 1009 873 autem
1039 800 1105 873 illa
1129 801 1229 897 ipsa,
1260 797 1382 896 paulo
1411 803 1538 895 magis
1565 801 1683 878 solida
1703 804 1743 881 δι
1771 810 1875 885 intra

163 926 393 1000 cellulosum
422 934 663 1000 contextum
694 924 902 1009 nidulans,
932 927 1073 1024 sponte
1105 930 1145 999 in
1179 925 1400 1001 moleculas
1438 927 1624 1004 discretas
1651 935 1874 1029 partiatur,

161 1054 312 1128 cellulis
346 1051 428 1127 istis
461 1053 564 1151 saepe
593 1075 648 1128 ex
678 1051 755 1127 ass'e
784 1051 1034 1129 conformes:
1074 1061 1128 1128 ita
1162 1052 1421 1153 impalpabilis
1444 1051 1509 1129 ille
1536 1055 1672 1154 pulvis
1703 1057 1875 1160 prolifer

157 1178 422 1274 Fungorum,
456 1179 572 1255 &ita
599 1201 759 1274 quoque
791 1181 1063 1272 germinantes
1088 1178 1302 1256 bratteolae
1325 1180 1613 1279 Hepaticarum
1632 1186 1874 1267 formantur.

158 1306 279 1382 Prior
301 1316 437 1380 autem
456 1304 707 1380 formationis
732 1305 876 1380 modus
896 1309 1025 1382 multo
1049 1307 1301 1403 frequentior
1320 1308 1360 1383 ὃ(
1375 1310 1561 1384 omnibus
1578 1312 1745 1409 reliquis
1762 1340 1874 1413 gem·

158 1456 314 1508 marum
336 1433 538 1531 speciebus
563 1433 788 1507 communis
810 1433 877 1521 est.
927 1432 973 1507 In
993 1434 1058 1509 his
1075 1457 1239 1532 nempe,
1270 1436 1378 1531 quod
1398 1435 1557 1530 quidem
1574 1434 1712 1514 Solani
1733 1445 1875 1518 tubera

157 1560 193 1635 dr
219 1559 345 1634 Ulcae
368 1562 550 1658 inprimis
576 1561 887 1634 membranaceae
912 1562 1018 1637 clare
1040 1561 1142 1637 visui
1168 1559 1364 1646 offerunt,
1406 1584 1529 1640 novae
1551 1567 1738 1643 medullae
1766 1575 1876 1648 initia

159 1682 389 1761 constanter
406 1711 461 1761 ex
477 1688 643 1783 quadam
659 1697 854 1761 maternae
877 1688 1065 1763 medullae
1083 1698 1241 1771 atomo,
1267 1688 1381 1764 succo
1404 1694 1573 1765 nutritio
1598 1716 1686 1791 prae
1711 1693 1875 1792 reliquis

160 1814 320 1908 turgida
342 1814 381 1887 δι
403 1819 540 1890 cortici
564 1818 712 1915 plantae
737 1817 896 1890 interno
921 1818 1112 1913 proxima
1130 1812 1353 1912 procedere
1375 1817 1581 1894 videmus:
1609 1821 1675 1893 ilia
1695 1825 1874 1921 primum

160 1940 377 2041 pellucida,
410 1943 522 2019 brevi
547 1941 636 2041 post
654 1942 760 2037 quali
785 1942 970 2036 grumola
996 1943 1103 2017 fit&
1126 1941 1281 2015 miculae
1305 1941 1395 2017 salis
1423 1955 1492 2017 aut
1520 1946 1657 2040 glaciei
1686 1950 1873 2035 adinstar,

160 2068 363 2143 turbidula
390 2068 569 2144 albedine
591 2068 789 2168 splendet3
814 2078 929 2166 capto
951 2078 1085 2143 autem
1112 2063 1253 2162 majori
1280 2069 1546 2157 incremento,
1576 2082 1662 2147 tota
1690 2076 1872 2151 redditur

161 2221 284 2296 opaca
301 2194 341 2270 dt
356 2195 495 2271 sensim
517 2197 557 2268 in
579 2198 794 2291 granulum
806 2194 1041 2289 carnosum,
1066 2195 1123 2266 nil
1137 2192 1208 2266 nifr
1230 2195 1366 2271 colore
1388 2200 1572 2274 avicinis
1589 2203 1770 2298 partibus
1793 2203 1873 2280 dis-

161 2339 340 2409 cretum,
368 2324 555 2408 duratur,
581 2324 686 2418 quod
696 2317 778 2419 jam
798 2317 881 2419 jam
900 2322 1017 2422 supra
1036 2320 1232 2415 reliquam
1255 2323 1464 2399 medullam
1491 2322 1695 2423 paululum
1720 2333 1873 2426 promi-

160 2474 283 2536 nens,
326 2451 449 2550 ipsum
477 2473 599 2526 novae
631 2450 817 2524 medullae
853 2447 1137 2557 primordium,
1182 2471 1227 2522 ac
1254 2451 1430 2546 primum
1469 2451 1665 2525 nascentis
1686 2473 1880 2548 'gemmae

162 2582 304 2656 vivum
324 2576 474 2653 stamen
495 2575 561 2652 est.
614 2575 731 2650 Ultra
754 2571 1036 2651 formationem
1062 2568 1182 2671 hujus
1203 2577 1384 2669 granuli,
1419 2579 1561 2652 matris
1592 2577 1765 2653 medulla
1788 2604 1873 2656 non

161 2704 384 2806 procedere
401 2704 532 2804 potest
549 2697 647 2787 solat
677 2704 741 2779 fed
760 2705 827 2778 ubi
841 2705 948 2778 hunc
961 2706 1178 2779 terminum
1191 2699 1357 2778 allecuta
1369 2702 1446 2789 est,
1472 2712 1568 2777 tunc
1583 2702 1720 2781 &aliae
1737 2719 1876 2805 partes

162 2834 202 2905 in
220 2808 469 2909 consortium
489 2829 649 2907 fabrica
664 2830 900 2918 trahuntur,
925 2830 965 2904 ὃ(
987 2831 1197 2929 proprius,
1223 2838 1317 2903 ante
1334 2832 1491 2918 omnia,
1515 2834 1686 2929 granulo
1704 2833 1875 2911 struitur

163 2967 322 3034 cortex.

262 3169 424 3248 Cortex
448 3192 613 3271 nempe,
653 3172 779 3248 altera
801 3191 898 3272 pars
922 3169 1134 3246 ellentialis
1164 3191 1353 3264 gemmae,
1395 3172 1628 3250 moderatur
1654 3171 1876 3273 &adjuvat

164 3299 390 3377 substantiae
412 3300 641 3375 medullaris
668 3302 980 3382 incrementum,
1008 3321 1052 3371 ac
1069 3304 1195 3371 totam
1212 3298 1352 3373 definit
1372 3303 1578 3399 propriam
1598 3325 1770 3396 gemmae
1792 3302 1875 3376 sor-

164 3452 292 3506 mam:
325 3428 418 3502 hinc
440 3428 532 3502 fatis
558 3439 717 3503 mature
739 3428 935 3520 gignitur,
962 3449 1007 3498 ac
1026 3424 1173 3521 triplici
1199 3422 1440 3522 potiilimum
1463 3428 1581 3503 ruodo
1599 3431 1770 3524 granulo
1790 3432 1876 3528 pri-

165 3556 350 3632 mordiali
375 3554 618 3631 insternitur.
663 3552 860 3629 Primus&
875 3549 1175 3651 srmpliciffimus
1193 3551 1269 3638 est,
1293 3575 1383 3626 cum
1397 3554 1549 3628 extima
1564 3557 1720 3650 granuli
1740 3559 1876 3655 super-

165 3685 297 3766 ficies,
324 3684 508 3756 interiori
532 3676 621 3778 ejus
645 3681 868 3757 substantiae
886 3703 962 3778 pro
980 3682 1259 3772 integumento
1274 3678 1439 3754 infervit
1450 3679 1490 3753 δι
1505 3683 1543 3753 in
1559 3681 1770 3756 tenuiffimi
1786 3706 1876 3756 cor-

163 3816 252 3890 ticis
287 3812 476 3911 speciem,
517 3810 585 3884 vel
611 3810 751 3908 sponte
775 3807 1000 3892 induratur,
1030 3807 1180 3883 velex
1209 3807 1409 3901 proximis
1432 3805 1667 3882 cellularum
1691 3806 1879 3882 medullae

167 3950 368 4017 maternae
389 3938 608 4036 parietibus
628 3937 897 4036 depromitur:
924 3935 977 4008 ita
991 3931 1245 4031 Propagines
1259 3951 1423 4015 omnes,
1450 3932 1519 4006 vel
1535 3933 1717 4009 indurato
1741 3956 1879 4021 muco,

168 4070 239 4149 vel
263 4065 421 4141 cellulis
445 4063 668 4140 substantiae
689 4062 885 4145 carnosae,
917 4062 1120 4136 corticatae
1141 4060 1242 4135 funt
1312 4056 1487 4137 Secundus
1509 4058 1583 4146 est,
1617 4061 1776 4157 quando
1800 4062 1887 4165 ipse

166 4195 311 4269 matris
329 4200 494 4274 cortex,
519 4212 597 4286 qua
611 4200 728 4290 parte
746 4189 919 4284 granulo
941 4189 1148 4272 incumbit,
1175 4197 1287 4262 totus
1303 4196 1480 4280 quantus
1506 4189 1543 4260 in
1564 4209 1735 4283 gemmae
1758 4194 1880 4265 corti-

169 4342 256 4397 cem
284 4320 565 4394 convertitur:
600 4316 651 4392 lic
677 4315 859 4411 Gongyli
882 4335 1025 4390 omnes
1046 4316 1195 4389 cortice
1222 4325 1404 4388 materno
1430 4313 1661 4389 induuntur.
1741 4312 1884 4389 Tertius

170 4447 346 4541 denique
367 4443 532 4527 modus,
558 4445 672 4537 isque
689 4446 867 4517 omnium
889 4420 1228 4547 frequentillimus
1246 4438 1325 4525 est,
1351 4442 1503 4517 eumad
1522 4440 1773 4515 formandum
1795 4460 1882 4533 gra·

170 4573 254 4646 nuli
282 4572 494 4653 corticem,
534 4571 701 4643 interior
734 4569 931 4644 duntaxat
954 4570 1094 4642 matris
1121 4576 1266 4641 cortex
1299 4568 1405 4641 fuam
1446 4570 1603 4645 confert
1637 4564 1883 4663 symbolam,

171 4700 361 4773 exterior
375 4706 509 4771 autem
524 4697 562 4767 in
580 4716 714 4773 meras
727 4717 898 4790 gemmae
921 4704 1057 4792 partes
1080 4693 1308 4770 accell'orias
1321 4695 1426 4777 abit,
1452 4693 1517 4769 vel
1538 4695 1578 4768 δι
1597 4695 1717 4792 plane
1736 4691 1884 4788 disper·

172 4826 302 4903 amr:
328 4825 368 4901 id
397 4828 441 4899 in
463 4823 560 4899 solis
579 4823 753 4916 gemmis
773 4821 1005 4920 compolitis
1024 4819 1064 4895 δι
1086 4818 1160 4894 hac
1184 4822 1343 4915 quidem
1373 4824 1528 4896 ratione
1557 4820 1624 4915 fit,
1654 4831 1701 4895 ut
1728 4820 1884 4925 primo,

1596 4946 1601 4962 ‘
1724 4965 1884 5021 merum

1305 5068 1321 5105 1
