4852 6062
544 566 657 621 xxrv
964 554 966 561 ’
1254 546 1558 604 “-“-“-“““-““““““---

525 783 640 837 .rum
668 761 824 843 oraria,
855 750 957 832 disto
976 752 1115 858 'supra'
1130 765 1332 856 tempore,
1367 758 1461 850 quin
1489 755 1528 831 ἃ
1552 754 1673 848 longe
1695 752 1822 829 adhue
1842 752 1930 853 post
1951 749 2064 846 illud,
2091 774 2246 829 merum

547 887 655 960 intus
677 888 766 960 sunt
788 880 1187 984 parenchymatosum
1210 884 1348 966 chaos,
1377 885 1516 974 inquo
1539 881 1753 954 ovulorum
1776 882 1896 971 nihil,
1917 879 2016 952 nihil
2037 882 2246 973 quicquam

545 1017 623 1087 rite
641 1012 819 1095 formati,
851 1014 918 1086 vel
945 1014 1107 1108 optimis
1126 1011 1320 1092 lentibus,
1346 1006 1582 1100 distinguas:
1606 1029 1706 1100 ergo
1730 1029 1804 1080 nec
1821 1004 2063 1079 foecundatio
2088 1027 2247 1089 eorum,

546 1138 619 1213 isto
644 1150 828 1234 tempore
856 1138 1090 1234 procedere,
1124 1157 1242 1209 neca
1268 1134 1534 1208 folliculorum
1562 1133 1729 1229 pulvere
1756 1134 1915 1230 operari
1946 1131 2053 1230 polfe
2079 1132 2249 1205 videtur.

546 1263 587 1348 30
608 1256 792 1332 Folliculi
811 1261 1007 1358 plerique,
1033 1261 1244 1359 pulverem
1262 1259 1446 1356 spargere
1470 1278 1673 1350 nunquam
1693 1257 1765 1341 visi
1790 1258 1902 1342 lunt,
1929 1257 1990 1333 sed
2013 1258 2120 1355 pleni
2143 1259 2251 1332 ultra

544 1387 823 1462 maturationis
844 1401 1004 1489 tempus
1028 1388 1305 1485 reperiuntur,
1331 1384 1370 1458 ἃ
1389 1384 1496 1482 pleni
1517 1407 1677 1479 quoque
1703 1386 1741 1457 in
1773 1382 1921 1465 IVlniis,
1957 1383 2056 1456 ficut
2084 1388 2122 1457 in
2151 1384 2249 1484 Jun-

544 1514 790 1605 germanniis
817 1511 1026 1586 decidunt:
1065 1511 1172 1606 quod
1197 1523 1411 1604 utrumque
1432 1533 1454 1583 a
1474 1512 1584 1584 veris
1605 1510 1784 1585 antheris
1799 1510 1993 1594 alienum
2034 1507 2097 1583 alii
2116 1520 2249 1584 autem

544 1642 706 1719 eorum,
743 1638 848 1710 suam
873 1639 1029 1731 quidem
1053 1636 1302 1730 grarrulosam
1328 1635 1539 1711 medullam
1561 1633 1760 1716 emittant,
1798 1635 1861 1710 sed
1883 1639 2118 1731 promiscuo
2146 1646 2248 1712 tem-

547 1784 666 1860 pore,
692 1763 731 1836 &
752 1761 799 1835 ab
819 1761 1051 1836 humiditate
1077 1759 1316 1858 potissimum
1336 1761 1404 1854 (r.)
1427 1759 1636 1836 stimulati:
1675 1762 1784 1836 unde
1806 1766 1949 1861 partim
1973 1762 2140 1859 suspicio
2163 1762 2249 1837 sub·

545 1893 743 1969 nascitur,
784 1885 891 1981 quod
913 1886 999 1961 haec
1021 1887 1218 1986 explofio,
1250 1909 1332 1961 non
1356 1886 1473 1963 valde
1499 1887 1546 1960 ab
1579 1884 1826 1962 eruttatione
1857 1886 2181 1986 pulvisculorum
2212 1890 2252 1961 in

545 2012 702 2105 Fungis
719 2012 924 2086 nonnullis
938 2012 1069 2098 distet;
1095 2015 1239 2111 partim
1257 2035 1358 2088 vero
1369 2014 1486 2110 plena
1500 2034 1660 2107 quoque
1676 2014 1766 2087 inde
1774 2014 2026 2117 consequitur
2041 2016 2251 2101 certitudo,

546 2138 651 2234 quod
668 2162 740 2212 nec
761 2140 928 2233 granula
952 2138 1038 2222 ista,
1068 2160 1144 2212 nec
1161 2137 1379 2213 eorundem
1399 2139 1578 2234 eruptio,
1604 2138 1727 2212 ullam
1758 2139 1928 2214 habeant
1953 2160 2092 2214 veram
2118 2142 2251 2214 analo·

546 2269 652 2361 giam
675 2287 765 2339 cum
790 2270 965 2358 genuino
979 2261 1128 2362 polline
1148 2262 1361 2348 anthemii,
1387 2262 1574 2361 siquidem
1597 2264 1695 2338 nihil
1718 2268 1866 2341 certius
1890 2285 2027 2339 necem
2044 2263 2249 2340 huicinse·

545 2401 627 2476 rat,
655 2412 773 2484 quam
795 2389 1025 2473 humiditas,
1051 2390 1230 2484 nihilque
1244 2390 1460 2473 efficacius,
1487 2412 1605 2482 quam
1623 2391 1709 2464 haec
1726 2390 1821 2488 ipsa,
1849 2386 1951 2462 illius
1969 2389 2159 2486 impediat
2173 2416 2249 2481 ex,

544 2516 777 2616 plosronem.
826 2520 875 2607 4⁰
896 2515 1066 2609 denique
1083 2512 1266 2590 Folliculi
1290 2515 1369 2599 isti,
1391 2516 1473 2591 five
1496 2516 1717 2590 habeantur
1738 2539 1814 2615 pro
1834 2515 2013 2593 aetheris
2034 2513 2140 2612 ipsis,
2167 2515 2251 2592 five

544 2642 634 2741 post
655 2645 895 2738 nuperiores
914 2642 1144 2717 Heuwron
1165 2643 1232 2732 (α.)
1256 2643 1536 2734 cogitationes,
1563 2640 1713 2715 nudum
1730 2638 2073 2738 dicanturpollen,
2099 2640 2252 2716 nullam

544 2771 710 2869 prorsus
736 2791 824 2841 cum
849 2767 926 2841 suis
952 2767 1133 2850 feminis,
1164 2788 1358 2840 earumve
1380 2766 1513 2841 ovulis
1535 2765 1684 2842 habeut
1700 2771 2026 2867 proportionem,
2057 2765 2173 2842 secus
2190 2779 2250 2843 at-

543 2896 622 2991 que
640 2918 750 2970 verae
773 2904 909 2991 partes
935 2891 1114 2965 masculae
1135 2894 1174 2964 in
1199 2891 1385 2966 omnibus
1403 2891 1661 2966 antheriferis
1689 2892 1899 2991 plantis&
1919 2892 1987 2967 vel
2009 2893 2047 2963 in
2069 2893 2147 2989 ipsa
2171 2891 2251 2969 Za·

543 3025 623 3096 mia
638 3019 784 3093 habere
798 3020 933 3092 solent.
978 3013 1022 3092 Si
1039 2998 1183 3116 nempe
1202 3017 1391 3092 antheras
1408 3014 1483 3092 eise
1501 3015 1666 3101 statuas,
1692 3038 1772 3091 non
1795 3015 1917 3092 solum
1936 3018 1974 3091 in
1993 3039 2075 3092 uno
2088 3019 2251 3097 eodem·

544 3148 622 3242 que
637 3168 807 3240 genere,
831 3143 895 3218 sed
916 3143 956 3218 δι
976 3146 1014 3215 in
1035 3143 1169 3218 eadem
1187 3144 1328 3240 specie,
1353 3167 1460 3218 nunc
1479 3141 1828 3236 numerosissimas,
1852 3166 1960 3217 nunc
1984 3144 2251 3242 paucissimas,

542 3295 651 3348 nunc
665 3272 705 3347 δι
727 3269 856 3344 nullas
876 3270 1057 3366 reperies
1071 3269 1277 3351 antheras,
1303 3279 1348 3343 ut
1364 3292 1500 3342 earum
1526 3281 1751 3366 proventus
1778 3271 1862 3342 non'
1884 3269 2118 3345 aschemere
2140 3295 2248 3370 prae·

543 3397 730 3477 stabilito,
761 3394 820 3468 sed
836 3418 858 3466 a
873 3393 1040 3467 fortuito
1059 3395 1322 3487 vegetationis
1339 3390 1504 3490 impulsu
1519 3395 1693 3491 pendere
1713 3394 1898 3469 videatur
1911 3423 1924 3472 .·
1937 3392 1996 3475 ‚Si
2008 3406 2140 3472 autem
2154 3399 2247 3496 pol·

543 3523 610 3599 len
636 3518 712 3595 else
744 3519 943 3602 volueris,
986 3522 1147 3593 unicum
1182 3521 1284 3618 saepe
1305 3514 1392 3614 ejus
1422 3519 1635 3611 granulum
1664 3521 1815 3617 pluries
1841 3519 1977 3611 &svel
2004 3525 2154 3598 centies
2183 3524 2252 3598 sua

543 3645 813 3740 magnitudine
833 3643 1071 3720 feminarum
1090 3647 1232 3720 semina
1252 3644 1463 3745 superabit3
1491 3644 1527 3718 id
1550 3619 1656 3737 qu'od
1673 3645 1763 3718 sane
1786 3646 2022 3744 stupendum
2043 3649 2121 3725 &a
2142 3674 2248 3728 vero

539 3773 689 3871 polline
716 3771 988 3847 alienissimum
1013 3770 1080 3847 est.
1131 3770 1302 3846 Minime
1327 3774 1448 3865 igitur
1472 3771 1638 3846 mascula
1660 3769 1804 3845 horum
1826 3771 2095 3849 folliculorum
2116 3776 2250 3852 officia

540 3902 593 3971 ita
614 3899 716 3972 sarta
730 3896 910 3993 testaque
926 3898 1074 3974 censeri
1093 3896 1267 3993 possunt,
1303 3909 1447 3972 utnon
1474 3904 1640 3970 onmem‘
1653 3898 1790 3993 potius
1808 3897 1947 3983 alium,
1978 3922 2097 3994 quam
2122 3904 2250 3997 hurle,

539 4025 704 4123 perinde
717 4023 924 4097 admittant
936 4023 1067 4116 usum,
1093 4023 1160 4098 vel
1177 4025 1526 4121 utexperimentis
1543 4023 1620 4096 illis
1634 4033 1753 4115 atque
1769 4023 2112 4102 observationibus
2130 4030 2248 4122 quid·

537 4173 655 4244 quam
675 4151 723 4223 de
736 4148 892 4222 'robore
913 4147 982 4221 suo
1001 4150 1180 4232 demant,
1213 4170 1305 4240 quae
1325 4170 1400 4245 pro
1417 4170 1526 4219 mera
1547 4147 1693 4220 horum
1708 4150 2041 4246 corpusculorum
2057 4150 2247 4228 facultate

540 4277 773 4367 vegetativa
788 4275 972 4357 militant,
998 4274 1037 4347 ὁ(
1052 4295 1106 4348 ex
1121 4275 1264 4366 quibus
1277 4271 1445 4363 constat,
1471 4273 1609 4364 quode
1622 4270 1845 4367 Polytriehi
1857 4274 2019 4352 stellulis
2033 4276 2262 4355 alVlaasro·

538 4410 661 4475 terrae
682 4396 874 4472 mandatis
899 4399 979 4489 (3.)
1006 4399 1178 4473 novellae
1196 4398 1419 4495 prodierint
1431 4397 1640 4494 plantulae;
1666 4398 1826 4493 &quod
1846 4398 1950 4474 Mnii
1972 4401 2135 4498 perlucidi
2153 4404 2246 4503 pul·

538 4525 717 4598 visculus
742 4527 780 4597 in
804 4546 899 4600 vera
921 4525 1208 4617 germinaverit
1234 4523 1379 4599 foliola
1431 4521 1580 4616 Quodsi
1613 4526 1718 4597 enim
1746 4524 1908 4599 folliculi
1939 4550 2021 4602 non
2047 4530 2244 4605 indubita-

537 4647 690 4729 tiilimae
710 4649 799 4725 sunt
820 4649 1023 4732 antherae‚
1052 4647 1147 4721 nihil
1166 4649 1255 4722 sane
1279 4668 1363 4746 nos,
1377 4652 1484 4744 cogit
1504 4650 1686 4735 credere,
1712 4651 1818 4745 quod
1841 4651 1908 4726 vel
1925 4656 2060 4738 unica,
2092 4655 2245 4729 nedum

2094 4799 2242 4862 omnes

582 4909 616 4974 r).
630 4905 730 4963 [neu.
746 4900 819 5007 ibid
832 4905 854 4963 1.
868 4922 898 4985 p.
913 4906 962 4963 60.
976 4905 1013 4963 11.
1026 4898 1140 4985 presai.
1152 4904 1203 4964 1x.
1449 4904 1495 4985 a.)
1512 4903 1587 4966 Aut.
1604 4899 1729 4966 barleto.
1743 4906 1780 4969 Χ.
1795 4907 1825 4967 Ρ.
1843 4923 1871 4968 2.
1884 4925 1914 4989 p.
1928 4920 1986 4985 ¹7¹·

581 5047 624 5119 2.)
647 5046 741 5105 Muac.
755 5040 890 5104 frendor.
904 5046 940 5104 11.
954 5039 1066 5127 praesat.
1081 5045 1131 5105 ΧΙ.
