4852 6062
941 502 1248 562 Q
1800 532 1947 585 LXXX!

224 703 392 777 tevma‚
420 692 682 793 Campanula,
708 694 920 798 Papaver3
946 702 1126 784 &unico
1153 711 1191 785 in
1214 713 1293 811 ipsa
1315 714 1415 791 bafi:
1442 717 1698 805 Memordica
1727 732 1942 829 Elaterium,

227 818 489 920 Asperifoliae
504 823 639 899 variae.

331 1027 582 1103 Dehiscentia
602 1040 736 1107 autem
758 1037 918 1113 Valvata
934 1037 1116 1136 pluribus
1131 1044 1260 1118 modis
1281 1044 1437 1133 differt,
1462 1051 1513 1126 ob
1530 1061 1684 1136 variam
1703 1064 1941 1145 divifionum

228 1150 513 1237 directionem,
539 1157 842 1247 extentionem,
861 1162 976 1238 fitum
993 1175 1113 1260 atque
1128 1190 1355 1248 numerum.

329 1365 481 1439 Divifio
501 1363 798 1461 longitudinaiis
825 1376 1002 1448 omnium
1023 1374 1358 1475 frequentissima,
1384 1384 1423 1460 ὅ(
1449 1390 1518 1463 vel
1539 1393 1752 1493 completa,
1789 1403 1858 1476 vel
1880 1406 1941 1478 in-

227 1492 428 1588 completa
443 1491 510 1567 est.
560 1492 649 1578 Illa,
675 1502 861 1573 avertice
876 1499 923 1572 ad
942 1500 1046 1572 basin
1060 1500 1255 1589 decurrit,
1280 1519 1326 1581 ut
1350 1511 1389 1581 in
1408 1509 1515 1587 Lilio
1530 1515 1568 1592 ὅ(
1587 1522 1809 1600 innumeris
1832 1529 1938 1603 aliis:

227 1616 476 1714 Incompleta
495 1641 617 1712 vero,
647 1643 755 1695 nunc
771 1624 818 1696 ad
840 1625 1011 1699 medium
1030 1627 1162 1701 saltem
1190 1634 1423 1708 extenditur
1447 1638 1631 1729 dorsum,
1666 1657 1714 1721 ut
1738 1652 1778 1722 in
1803 1651 1936 1747 Arge·

226 1766 372 1827 mone,
397 1741 584 1827 Loesetia,
609 1744 939 1847 Chrysosplenio:
966 1755 1032 1844 qui
1049 1750 1201 1829 frutus
1215 1755 1440 1854 semivuluuti
1451 1770 1722 1864 appellantem
1749 1797 1935 1854 nuncau·

227 1880 315 1944 tem
340 1876 413 1945 vix
438 1870 541 1944 infra
562 1876 710 1971 apicem
732 1879 973 1973 porrigitur,
998 1891 1044 1952 ut
1069 1879 1108 1950 in
1137 1879 1385 1972 Androsace,
1415 1889 1594 1968 Primula
1620 1896 1659 1971 δι
1690 1897 1938 1994 Lychnideis

227 2001 378 2074 variis:
404 2007 524 2093 atque
545 2002 586 2073 hi
605 1997 759 2075 fruetus
779 1998 934 2077 dentibus
953 2004 1089 2077 saltem
1117 2007 1312 2088 dehiscere
1338 2012 1535 2107 dicuntur.
1587 2020 1878 2105 Transversalis
1913 2034 1937 2107 l.

227 2124 494 2199 horizontalis
511 2125 673 2219 divino,
692 2129 871 2225 apprime
887 2151 976 2201 rara
991 2129 1068 2213 est,
1095 2130 1134 2205 &
1151 2134 1220 2207 uel
1235 2139 1273 2207 in
1290 2136 1482 2216 fruttibus
1502 2147 1726 2254 circumsciffls
1742 2160 1936 2251 occurrit,

227 2252 300 2344 qui
323 2251 397 2324 scil.
414 2255 453 2323 in
469 2252 568 2327 duas
581 2253 765 2328 valvulas
782 2255 936 2352 patulas
956 2254 1263 2333 horizontaliter
1284 2263 1509 2353 dehiscunt,
1534 2282 1581 2344 ut
1601 2277 1639 2346 in
1662 2276 1935 2367 Centunculo,

226 2375 489 2472 Anagallide,
514 2377 744 2464 Portulaca3
772 2379 837 2456 vel
854 2383 893 2452 in
912 2380 1109 2456 articulatis
1132 2382 1323 2461 fruttibus
1342 2389 1672 2487 deprehenditur,
1700 2407 1768 2497 qui
1789 2408 1826 2479 in
1843 2431 1936 2505 pro·

227 2507 319 2601 pria
342 2505 533 2578 seminum
556 2507 835 2603 conceptacula
865 2506 990 2579 clausa
1026 2511 1288 2588 transversim
1314 2515 1515 2613 secedunt,
1553 2530 1664 2602 utin
1695 2530 1929 2626 Hedysaro,

227 2628 455 2729 Hypecoo,
481 2629 834 2727 Aeschynomene,
861 2631 1079 2707 Coronilla.

330 2839 467 2916 Locus
497 2842 724 2926 dividuum,
755 2852 909 2947 praeter
937 2844 1056 2918 modo
1080 2843 1233 2932 nuos,
1276 2859 1499 2945 generatim
1531 2862 1682 2961 duplex
1712 2867 1932 2944 notandus:

227 2988 377 3066 nempe
399 2967 499 3044 alter
516 2971 557 3043 in
571 2981 739 3053 ventre,
765 2969 922 3046 &alter
939 2971 979 3042 in
993 2969 1107 3044 dorso
1127 2970 1293 3053 fruitus,
1343 2980 1403 3054 Ita
1424 2987 1530 3059 enim
1546 2986 1734 3087 introrsum
1760 2993 1934 3070 dehisce·

228 3117 279 3167 re
294 3095 500 3178 dicuntur,
525 3098 593 3190 qui
607 3095 820 3170 secundum
833 3097 1009 3170 suturam
1023 3099 1090 3170 axi
1105 3099 1311 3177 obversam
1322 3115 1576 3205 aperiuntur,
1602 3127 1649 3189 ut
1659 3116 1931 3216 Delphinium,

229 3219 516 3303 Helleborum,
542 3219 794 3295 Colchicum:
821 3232 960 3296 contra
977 3246 1079 3299 vero
1096 3224 1290 3324 extrorsum
1312 3232 1509 3312 dehiscere
1535 3242 1770 3328 censentur,
1795 3250 1862 3339 qui
1889 3250 1931 3319 in

230 3346 348 3419 dorso
375 3346 613 3432 solvuntur,
638 3357 686 3422 ut
702 3346 864 3431 Oxalis,
890 3347 1059 3444 Pyrola,
1086 3350 1281 3428 HibiscuS.
1331 3358 1480 3437 Utrum
1507 3387 1609 3440 vero
1631 3366 1827 3444 frustusa
1856 3372 1932 3445 bas,

229 3472 401 3557 sursum,
428 3476 531 3547 utin
552 3470 830 3568 Triglochine3
856 3497 959 3548 anne
980 3498 1082 3551 vero
1100 3482 1290 3558 avertice
1313 3483 1512 3576 deorsum,
1539 3504 1585 3565 ut
1606 3495 1647 3566 in
1668 3495 1849 3592 plurimis
1865 3521 1932 3572 re·

229 3604 371 3695 liquis,
397 3598 599 3676 dehiscat?
625 3603 664 3705 id
687 3599 834 3676 nullius
851 3601 909 3677 est
931 3605 1133 3680 momenti.

331 3811 538 3888 Numerus
553 3772 723 3906 denique
743 3808 976 3900 settionum,
1003 3810 1143 3885 definit
1161 3816 1271 3890 illum
1290 3822 1568 3908 valvularum,
1590 3825 1630 3900 &
1650 3835 1835 3922 quamvis
1846 3831 1932 3907 fru-

228 3936 321 4013 stus
337 3943 445 4037 apice
460 3938 593 4012 saltem
610 3941 651 4011 in
666 3940 805 4014 dentes
827 3936 995 4021 secedat,
1021 3938 1069 4010 ab
1091 3960 1234 4016 eorum
1251 3954 1408 4034 tamen,
1433 3950 1531 4025 ficut
1548 3973 1572 4023 a
1593 3951 1848 4032 valvularum
1862 3980 1932 4033 nu·

230 4086 347 4140 mero
367 4064 510 4139 dicitur
530 4061 1138 4162 uni-bi-tri·quadri-multivalvis.

333 4274 521 4351 Valvulae
541 4276 633 4373 ipsae
657 4278 843 4351 omnibus
870 4276 949 4350 suis
967 4277 1127 4355 dotibus
1149 4302 1239 4355 cum
1263 4272 1458 4361 {rudibus
1484 4298 1732 4383 congruunt,
1758 4313 1934 4386 quorum

228 4423 328 4499 pars
347 4402 451 4486 sunt,
478 4403 517 4477 δι
541 4404 629 4477 inde
653 4403 798 4478 dantur
818 4403 1146 4491 membranaceae,
1172 4411 1386 4494 coriaceae,
1420 4415 1712 4509 cartilaginem,
1752 4418 1934 4512 lignosae3

228 4551 383 4626 porro,
408 4526 569 4613 molles,
595 4531 755 4624 rigidae,
782 4531 970 4614 clasticae3
996 4531 1166 4627 denique
1183 4536 1331 4633 planae,
1357 4538 1499 4631 gibbae,
1524 4544 1797 4626 naviculares,
1822 4569 1935 4640 cym-

228 4653 480 4729 biformes&
502 4659 722 4748 generatim
739 4679 947 4741 concavae,
976 4679 1068 4750 quae
1088 4664 1265 4734 omnium
1283 4661 1608 4757 frequentissimae
1621 4667 1721 4743 sunt.
1774 4666 1935 4766 Specie-

226 4782 305 4855 tim
337 4782 504 4853 veroin
523 4780 710 4857 Valvulis
738 4781 1038 4857 consideranda:
1066 4781 1226 4883 dorsum,
1263 4788 1370 4881 quod
1391 4788 1594 4887 saepiffime
1613 4814 1861 4886 convexum,
1894 4795 1934 4870 δι

227 4907 341 4985 haud
360 4930 472 4992 raro,
496 4908 604 4983 sulco
631 4907 905 5017 longitudinali
932 4911 1185 5009 inscriptum:
1211 4925 1348 5000 uenter,
1374 4917 1442 5010 qui
1468 4912 1705 5014 plerumque
1734 4941 1937 4997 concavus

1076 5037 1093 5111 l
1900 5043 1941 5120 δι
