4852 6062
922 533 1227 561 ¹¹⁸¹-—
1847 530 1925 579 LIX

317 739 353 815 T
350 742 418 841 esto
441 737 621 819 seminis,
648 760 704 812 ex
725 739 930 835 primitiva
960 734 1074 812 ovuli
1100 735 1269 809 cuticula
1289 737 1395 811 suam
1421 738 1547 811 trahit
1578 739 1802 831 originem,
1835 741 1874 816 δι
1898 767 1922 817 a

214 868 335 940 novis
348 888 422 963 per
439 864 660 939 funiculum
682 860 941 938 umbilicalem
957 863 1264 939 advenientibus
1285 865 1407 939 succis
1424 861 1568 960 justam
1586 865 1692 938 suam
1712 866 1921 943 crassitiem

214 992 253 1067 ἃ
269 989 557 1085 consistentiam
571 988 709 1063 sensim
726 991 972 1068 nanciscitur.
1024 989 1132 1064 Hinc
1148 991 1356 1086 perficitur
1369 1014 1658 1086 nonnunquam
1679 989 1745 1064 sua
1764 993 1920 1091 sponte;

213 1117 502 1194 foecundationi
521 1124 654 1190 tamen
671 1117 740 1190 soli
764 1118 869 1191 suam
885 1116 1003 1192 debet
1020 1141 1043 1190 a
1061 1110 1217 1217 relliqua
1229 1121 1342 1193 ovuli
1363 1118 1479 1193 massa
1497 1120 1801 1218 separationem,
1828 1143 1920 1214 quae

213 1248 313 1320 adeo
336 1242 535 1341 completa
560 1242 638 1325 est,
663 1251 711 1316 ut
733 1241 896 1340 posthac
915 1245 1223 1341 nulloamplius
1248 1247 1288 1316 in
1317 1246 1405 1320 loco
1426 1270 1517 1319 cum
1538 1247 1681 1319 nucleo
1701 1245 1919 1331 cohaereat,

214 1373 275 1448 sed
297 1372 413 1445 facile
428 1370 475 1442 ab
489 1393 550 1442 eo
569 1369 761 1466 separari,
788 1380 856 1443 aut
870 1379 979 1443 certe
999 1393 1079 1444 non
1095 1369 1307 1444 difficulter
1331 1374 1460 1446 abillo
1477 1373 1657 1466 distingui
1678 1369 1803 1469 pollit
1831 1370 1919 1445 Μα-

213 1510 308 1573 ture
337 1497 497 1592 quidem
519 1496 624 1570 fiunt
641 1494 901 1592 separationis
921 1493 1024 1570 illius
1050 1499 1176 1579 initia,
1204 1521 1350 1573 verum
1376 1498 1453 1597 ipsa
1471 1498 1582 1573 testae
1602 1498 1787 1571 sormatio
1810 1499 1919 1573 lente

185 1678 189 1682 -
214 1625 416 1725 procedit,
442 1643 517 1695 nec
530 1619 601 1693 nisi
619 1644 708 1696 cum
725 1622 883 1698 seminis
899 1626 1126 1698 maturitate
1146 1627 1306 1722 penitus
1319 1626 1552 1710 absolvitur,
1576 1646 1700 1720 quare
1719 1626 1836 1697 etiam
1852 1626 1936 1732 diu-

75 1802 82 1809 -
213 1750 346 1826 mollis
363 1749 402 1823 br
419 1749 642 1823 succulenta
656 1758 808 1831 manet,
830 1749 990 1844 suisque
1003 1750 1214 1848 superfluis
1231 1753 1354 1827 succis
1366 1755 1655 1827 incrementum
1672 1750 1800 1823 nuclei
1812 1746 1920 1845 adju-

213 1888 300 1962 vat,
327 1876 606 1979 donecsensrm
621 1877 782 1976 penitus
801 1876 994 1952 exhausta
1010 1878 1178 1952 debitam
1201 1879 1326 1971 suam,
1352 1879 1447 1953 &in
1471 1882 1594 1956 variis
1617 1877 1828 1952 admodum
1847 1902 1920 1954 va·

213 2007 336 2089 riam,
366 2006 503 2080 induat
525 2006 717 2079 sormam:
750 2002 798 2076 de
820 2023 897 2096 qua
920 2003 989 2078 suo
1007 2005 1096 2078 loco
1118 2006 1279 2104 plenius
1297 2004 1460 2079 dicetur.

312 2211 524 2293 Membrana
539 2217 694 2296 interno,
718 2223 808 2287 tota·
819 2235 927 2288 nova
942 2236 965 2287 a
982 2212 1277 2290 soecundatione
1292 2217 1514 2299 formatur,
1544 2236 1617 2289 nec
1632 2218 1759 2293 ullum
1773 2215 1862 2314 ejus
1879 2224 1919 2294 in
1962 2222 1965 2227 ’

213 2343 341 2417 ovulo
356 2346 538 2437 virgineo
553 2340 661 2417 adest
680 2340 900 2433 vestigium.
951 2338 1067 2414 lnitia
1086 2341 1151 2415 sua
1168 2343 1371 2418 manifeste
1398 2343 1446 2416 ab
1473 2345 1734 2420 interioribus
1755 2348 1919 2423 funiculi

212 2471 449 2544 umbilicalis
475 2460 580 2543 valis
604 2468 746 2560 trahit,
784 2489 875 2560 quae
900 2491 975 2566 per
1002 2477 1129 2542 totam
1151 2464 1237 2563 ejus
1265 2467 1513 2567 superficiem
1537 2480 1749 2545 externam
1773 2473 1918 2546 discur-

212 2606 311 2670 runt
336 2595 376 2669 δι
396 2599 571 2671 tunicam
597 2596 700 2670 hanc
718 2602 939 2669 contexere
953 2595 1152 2669 videntur.
1204 2596 1379 2673 Interior
1398 2606 1533 2669 autem
1558 2591 1646 2690 ejus
1670 2596 1918 2695 superficies,

213 2726 255 2796 in
281 2724 499 2822 principio,
521 2730 607 2796 tota
629 2720 878 2804 succulenta,
916 2721 1128 2814 gelatinosa
1148 2734 1217 2797 aut
1240 2723 1402 2820 pulposa
1426 2720 1484 2797 est
1503 2733 1623 2818 atque
1643 2727 1854 2800 nutritioni
1881 2726 1919 2800 br

211 2853 463 2925 incremento
480 2849 611 2923 nuclei
627 2849 817 2930 inservit,
847 2870 937 2920 cum
961 2870 1104 2923 omnes
1127 2850 1174 2923 ad
1197 2850 1462 2944 embryonem
1487 2853 1699 2927 venientes
1726 2852 1919 2927 humores

211 3000 267 3050 ex
285 2978 359 3050 hac
380 2974 490 3050 molli
509 2974 718 3050 substantia
737 2973 1055 3072 proficiscantur,
1082 2986 1152 3050 aut
1176 2999 1356 3074 peream
1376 2973 1692 3052 transcolentur:
1718 2976 1811 3052 hinc
1831 2979 1919 3052 sero

210 3104 254 3175 in
268 3125 408 3178 veram
427 3102 698 3178 membranam
717 3110 982 3194 extenuatur,
1009 3124 1083 3176 nec
1099 3102 1211 3176 facile
1231 3111 1324 3176 ante
1347 3103 1508 3200 plenam
1532 3103 1691 3179 seminis
1714 3108 1918 3179 maturita-

209 3240 297 3305 tem
309 3253 334 3304 a
350 3230 492 3309 nucleo
506 3227 669 3312 secedit,
696 3227 791 3301 dum
807 3237 946 3301 contra
965 3252 988 3301 a
1004 3229 1118 3312 testa,
1143 3230 1184 3302 in
1201 3229 1408 3326 plurimis,
1435 3229 1540 3303 haud
1552 3252 1661 3324 aegre
1677 3231 1869 3308 solvatur.

312 3443 431 3520 Hisce
445 3447 748 3538 integumento,
773 3442 1068 3537 &regulariter
1083 3443 1241 3537 quidem
1257 3443 1469 3527 ambobus,
1496 3446 1726 3519 continetur
1741 3444 1919 3531 nucleus,
1945 3427 1949 3435 ⁵

211 3572 281 3664 qui
296 3570 383 3644 sere
407 3580 520 3645 totus
538 3570 659 3645 solius
687 3570 994 3644 soecundationis
1023 3592 1127 3668 opus
1149 3571 1215 3645 est.
1266 3568 1418 3644 Differt
1442 3579 1575 3645 autem
1599 3594 1718 3665 quarn
1742 3576 1918 3647 maxime

209 3695 469 3773 duriusculus
490 3700 635 3771 maturi
657 3698 814 3773 seminis
839 3695 1029 3778 nucleus,
1063 3697 1141 3769 alio
1164 3697 1254 3770 loco
1277 3696 1565 3794 exponendus,
1591 3722 1613 3769 a
1632 3698 1776 3772 nucleo
1800 3700 1916 3775 ovuli

209 3836 398 3898 recenter
414 3826 683 3923 impraegnati:
717 3848 809 3899 nam
828 3825 892 3897 hic
913 3833 1024 3896 totus
1046 3821 1235 3920 pulposus
1257 3822 1296 3896 dr
1320 3823 1453 3895 mollis
1476 3822 1533 3897 est
1550 3846 1595 3896 ac
1615 3825 1834 3915 generatim
1861 3847 1917 3897 ex

210 3961 387 4044 quatuor
402 3950 589 4027 distinetis
602 3951 781 4050 partibus
796 3949 895 4047 solet
911 3951 1115 4047 componi:
1141 3971 1286 4045 nempe
1300 3971 1355 4021 ex
1370 3944 1547 4032 Clrorio,
1572 3945 1745 4032 Amnio,
1772 3944 1916 4022 Saecu-

210 4077 252 4150 lo
273 4079 570 4173 colliquamenti
591 4089 709 4174 atque
727 4075 966 4173 Embryone
987 4077 1086 4174 ips03
1113 4098 1283 4171 quarum
1303 4075 1407 4172 saepe
1428 4095 1589 4158 omnes,
1614 4084 1766 4173 praeter
1789 4074 1915 4148 solum

209 4200 514 4301 Embryonem,
545 4229 620 4305 per
645 4207 916 4282 maturitatem
945 4205 1103 4280 seminis
1132 4200 1415 4295 destruuntur,
1448 4211 1517 4283 aut
1544 4205 1585 4275 in
1608 4202 1718 4278 aliam
1743 4199 1915 4276 formam
1948 4201 1951 4205 ’

210 4339 429 4406 mutantur.
1692 4344 1697 4353 '

309 4532 480 4621 Chorion,
506 4534 821 4614 Macrinam
843 4536 935 4637 (1.)
957 4539 1009 4612 ita
1028 4532 1192 4619 dietum,
1227 4536 1306 4636 ipsa
1323 4535 1390 4608 illa
1414 4534 1612 4630 primaeva
1633 4533 1690 4609 est
1707 4537 1819 4609 ovuli
1837 4540 1914 4612 vir-

210 4664 315 4759 ginei
341 4663 552 4741 substantia
572 4665 928 4763 parenchymatosa
948 4674 1016 4740 aut
1044 4663 1231 4763 pulposa,
1258 4684 1350 4757 quae
1372 4682 1543 4735 unacum
1566 4661 1809 4759 epidermide
1828 4656 1912 4747 sua,

208 4799 336 4865 totam
350 4786 440 4887 ejus
453 4814 477 4865 a
490 4794 699 4868 nativitate
718 4791 840 4869 efficit
856 4791 1021 4875 molem,
1046 4812 1137 4884 quae
1155 4787 1293 4865 sensim
1311 4787 1568 4882 colliquescit,
1593 4788 1633 4862 bc
1647 4810 1738 4883 quae
1753 4787 1912 4863 domum

1037 4916 1066 4991 h
1091 4933 1112 4989 2
1791 4936 1794 4945 ¹
1870 4917 1913 4989 in

252 5134 298 5214 t.)
319 5134 440 5196 luant.
462 5130 539 5195 ibid.
561 5152 592 5219 p.
613 5148 657 5213 71.
679 5152 727 5214 9²·
