4852 6062
513 498 560 556 rr
1217 470 1522 523 ·.·.·..-....-=

613 688 717 764 Haec
727 683 838 757 ultro
854 678 998 773 liquida
1012 676 1257 752 &facillimae
1272 696 1431 769 quoque
1446 674 1707 768 indagationis
1721 673 1860 747 suntin
1877 673 2060 747 omnibus
2072 674 2220 772 plantis

395 906 398 910 ,
512 816 839 922 perfec‘tioribus,
865 810 961 902 quin
985 803 1024 878 δι
1048 806 1087 875 in
1109 802 1210 876 bene
1232 803 1371 875 multis
1396 826 1451 876 ex
1485 799 1824 899 impersestiorum
1851 800 1980 873 censu.
2030 799 2090 874 At
2113 804 2220 877 inter

512 948 585 1021 has
606 943 850 1043 posteriores
865 934 1010 1008 dantur
1023 952 1183 1025 quoque
1196 931 1337 1012 variae,
1365 950 1534 1022 quarum
1547 927 1743 1025 simplices
1758 950 1802 1000 ac
1818 925 2029 1000 verissimae
2049 950 2220 1022 gemmae

514 1077 708 1170 apparatu
737 1063 908 1159 quodam
939 1059 1128 1152 organico
1149 1055 1302 1154 stipatae
1332 1055 1439 1140 sunt,
1478 1057 1545 1150 qui
1571 1055 1641 1132 vel
1670 1052 1911 1151 peritissimis
1933 1057 1972 1127 in
1994 1065 2081 1128 arte
2107 1054 2220 1132 Viris

513 1221 590 1299 pro
611 1192 772 1290 genitali
792 1197 984 1286 apparatu
1002 1183 1203 1283 imposuit,
1234 1182 1273 1255 ἃ
1289 1184 1356 1275 qui
1379 1180 1580 1275 diagnosrn
1606 1179 1765 1254 istarum
1786 1203 2035 1275 gemmarum
2056 1187 2220 1259 omnino

513 1323 644 1399 reddit
664 1322 784 1413 longe
802 1314 1082 1390 difficillimam.
1134 1311 1179 1383 In
1206 1309 1283 1382 hoc
1303 1311 1435 1402 itaque
1456 1307 1562 1391 casu,
1588 1318 1680 1380 ante
1700 1297 1854 1391 omnia,
1883 1311 1922 1382 iu
1949 1333 2087 1385 veram
2111 1309 2221 1386 istius

514 1457 731 1549 apparatus
759 1441 932 1517 indolem
957 1447 1093 1515 curate
1117 1437 1416 1531 inquirendum,
1449 1445 1569 1528 atque
1589 1435 1695 1507 hunc
1722 1436 1762 1507 in
1783 1435 1925 1520 finem,
1948 1437 1994 1510 ad
2019 1436 2221 1531 sequentia

512 1577 699 1674 inprimis
729 1576 930 1645 momenta
957 1566 1089 1641 sedulo
1116 1569 1193 1639 erit
1217 1560 1524 1637 attendendum:
1568 1583 1713 1658 nempe
1745 1564 1784 1632 1⁰
1809 1583 1906 1634 num
1929 1563 2134 1638 accessoria
2159 1566 2222 1641 illa

516 1725 667 1799 organa
684 1702 721 1772 in
737 1699 924 1772 omnibus
941 1692 1159 1785 &ungulis
1177 1685 1355 1786 ejusdem
1374 1688 1535 1783 generis
1556 1687 1759 1785 speciebus
1776 1691 2031 1785 reperiantur
2052 1690 2092 1764 ὃ(
2109 1689 2222 1765 simili

516 1851 677 1926 quoque
696 1829 733 1898 in
753 1824 939 1896 omnibus
954 1820 991 1893 se
1006 1819 1043 1893 se
1063 1819 1233 1892 habeant
1251 1814 1391 1899 1n0d03
1420 1820 1464 1886 2⁰
1486 1835 1584 1888 num
1607 1814 1671 1886 illa
1692 1835 1782 1888 cum
1803 1818 1915 1890 veris
1935 1815 1973 1890 ὅ(
1994 1817 2222 1893 indubitatis

517 1951 695 2052 ejusdem
723 1947 869 2049 plantae
892 1946 1131 2042 genitalibus
1149 1952 1335 2018 mutuum
1358 1943 1503 2017 habere
1522 1952 1673 2037 queant
1693 1946 1996 2027 commercium3
2029 1956 2222 2022 utrumve

516 2083 585 2160 vel
605 2079 821 2175 temporis,
849 2074 918 2150 vel
936 2072 1052 2156 situs,
1078 2073 1145 2146 vel
1163 2070 1490 2144 conformationis
1517 2069 1597 2142 suae
1615 2071 1794 2151 ratione,
1818 2078 1938 2142 extra
1956 2092 2107 2144 nexum
2131 2092 2224 2146 cum

517 2209 582 2283 his
606 2204 730 2304 pofita
747 2201 844 2284 fint;
871 2200 1102 2292 &denique
1124 2204 1163 2289 3⁰
1181 2218 1317 2272 nonne
1337 2192 1535 2291 ejusmodi
1556 2192 1790 2268 accessorius
1816 2207 2031 2292 apparatus
2055 2195 2225 2272 libenter

518 2334 712 2407 inlocum
733 2349 928 2402 verorum
949 2323 1180 2418 genitalium
1201 2324 1418 2399 succrescat
1439 2321 1478 2395 ἃ
1500 2343 1590 2395 cum
1613 2322 1662 2393 iis
1680 2319 1822 2418 saepius
1836 2322 2036 2399 alternet?
2076 2323 2225 2418 Quodsi

520 2461 626 2536 enim
651 2454 719 2530 ista
742 2475 892 2547 organa
915 2448 1233 2525 inconstantis&
1255 2448 1455 2524 variabilis
1474 2446 1628 2522 fuerint
1651 2449 1817 2533 indolis,
1851 2457 1922 2521 aut
1940 2450 2113 2547 impediti
2133 2474 2226 2526 cum

518 2587 631 2661 veris
648 2580 884 2678 genitalibus
899 2581 1151 2676 reperiantur
1168 2576 1412 2657 commercii,
1444 2573 1480 2646 id
1497 2582 1607 2648 certo
1624 2572 1714 2647 satis
1736 2576 1816 2647 erit
1831 2573 2091 2661 documento,
2119 2577 2227 2671 quod

519 2734 594 2786 nec
615 2710 710 2809 ipsa,
735 2722 811 2781 nec
829 2714 965 2802 partes
984 2706 1087 2777 intra
1106 2703 1144 2777 se
1166 2711 1389 2786 contentae,
1415 2699 1462 2773 ad
1483 2700 1698 2792 genitales,
1725 2700 1789 2774 sed
1814 2704 1951 2798 potius
1973 2703 2020 2776 ad
2039 2702 2225 2803 simplicis

519 2836 788 2931 vegetationis
803 2841 939 2930 partes
954 2830 1096 2904 referri
1116 2826 1294 2902 debeant.
1345 2824 1498 2911 Contra
1511 2836 1667 2911 autem,
1695 2825 1724 2898 fi
1740 2827 1932 2903 constanti
1948 2832 2028 2904 ritu
2045 2828 2227 2904 &forma

521 2961 737 3057 gaudeant,
764 2980 839 3031 nec
869 2958 1119 3053 reciprocum
1151 2975 1242 3026 cum
1271 2953 1386 3029 veris
1409 2949 1643 3045 genitalibus
1669 2957 1932 3054 interceptum
1960 2956 2008 3030 sit
2030 2979 2226 3032 commer-

521 3091 644 3179 cium,
670 3095 767 3159 tunc
781 3088 917 3178 utique
934 3083 997 3156 his
1016 3090 1206 3179 poterunt
1227 3083 1502 3163 annumerari,
1528 3079 1597 3152 nisi
1616 3081 1775 3175 quidem
1793 3085 1988 3179 partium,
2014 3102 2113 3176 quas
2130 3106 2225 3157 con-

520 3216 669 3296 tinent,
697 3211 866 3293 indoles,
895 3233 950 3282 ex
970 3205 1186 3282 earundem
1203 3203 1444 3280 formatione
1460 3215 1579 3300 atque
1596 3206 1827 3282 evolutione
1840 3211 2015 3306 penitius
2031 3210 2226 3293 eruenda,

522 3339 561 3413 id
585 3351 723 3438 aperte
741 3335 968 3436 prohibeat:
995 3354 1118 3428 quare
1139 3352 1248 3406 nunc
1274 3332 1321 3407 ad
1344 3333 1444 3431 ipsas
1465 3332 1582 3408 hasce
1604 3356 1853 3427 gemmarum
1879 3333 2110 3412 affestiones
2132 3361 2226 3437 pro-

522 3464 763 3559 grediemur.

620 3702 830 3779 Formatio
863 3723 1034 3800 gemmae
1068 3698 1284 3774 absolvitur
1305 3694 1501 3774 strustura
1532 3700 1572 3777 u
1599 3702 1882 3804 compositione
1904 3708 2093 3807 partium,
2133 3729 2226 3803 quae

389 3847 392 3853 ’
521 3832 749 3907 universam
768 3826 856 3928 ejus
883 3831 1060 3906 efficiunt
1078 3849 1329 3925 compagem,
1355 3826 1395 3901 &
1415 3849 1586 3922 quarum
1606 3830 1692 3905 aliae
1709 3830 1929 3909 essentiales
1949 3858 1994 3907 ac
2016 3850 2226 3933 perpetuae

522 3956 633 4039 sunt,
658 3961 716 4032 uti
738 3982 831 4032 caro
855 3967 975 4051 atque
998 3967 1161 4039 cortex3
1195 3950 1282 4027 aliae
1304 3976 1404 4030 vero
1427 3979 1540 4030 mere
1565 3959 1787 4035 accefforiae
1807 3958 1847 4034 δι
1867 3963 2141 4059 temporariae,
2166 3962 2225 4035 uti

522 4082 750 4168 involucra,
775 4084 922 4168 thecae,
952 4081 992 4156 &
1010 4084 1084 4157 alia
1100 4101 1348 4176 gemmarum
1370 4080 1611 4158 indumenta.

621 4324 747 4410 Caro,
779 4348 904 4423 quam⁸
924 4322 1218 4399 consuetudinis
1240 4323 1351 4397 causa
1382 4324 1595 4401 medullam
1621 4329 1661 4402 in
1688 4329 1893 4430 posterum
1920 4328 2223 4430 appellabimuS,

522 4451 712 4549 princeps
727 4472 822 4549 pars
841 4472 1029 4546 gemmae,
1056 4452 1200 4549 duplici
1221 4453 1443 4544 generatim
1470 4451 1589 4527 modo
1608 4479 1663 4530 ex
1687 4467 1866 4531 materna
1888 4457 2058 4530 medulla
2075 4457 2223 4531 sorma-

522 4586 611 4652 tur:
636 4599 782 4675 nempe
805 4581 873 4654 vel
892 4602 966 4677 per
990 4581 1278 4652 incrementum
1300 4571 1419 4672 hujus
1439 4581 1625 4676 partiale;
1651 4584 1719 4657 vel
1745 4606 1818 4682 per
1834 4584 2090 4682 spontaneum
2118 4577 2224 4678 ejus-

522 4695 614 4777 dem
635 4706 675 4776 in
697 4711 834 4800 partes
855 4704 1031 4780 minores
1057 4699 1252 4780 secessum.
1310 4700 1515 4778 Posterior
1535 4705 1600 4779 hic
1626 4708 1756 4793 casus,
1787 4711 1825 4782 in
1855 4709 1933 4783 sola
1950 4708 2226 4808 Propaginum

523 4828 564 4906 u
580 4826 865 4925 Gongylorum
887 4829 1128 4905 formatione
1147 4829 1280 4903 locum
1299 4826 1435 4915 habet,
1460 4840 1580 4927 atque
1603 4833 1679 4909 hac
1694 4832 1967 4932 simplicissima
1982 4836 2030 4915 sit
2048 4840 2223 4918 ratione,

741 4968 744 4975 “
2177 4971 2225 5036 ut
