4852 6062
517 543 576 597 xr.
798 514 805 525 '
965 564 968 573 ‹
1212 529 1528 561 “··“““““··““

613 736 800 827 Ouariam,
829 733 915 809 Mn
927 760 951 807 a
962 761 985 809 P
998 760 1013 808 1
1026 755 1052 808 e
1066 758 1094 807 n
1105 758 1120 806 1
1132 758 1156 806 o
1180 732 1328 818 Utatur,
1353 733 1391 808 ὃ(
1414 730 1513 805 L1'1v
1524 753 1598 806 uae
1608 757 1633 806 o
1658 731 1749 807 satis
1766 733 1987 831 improprio
2002 726 2150 806 German
2160 730 2215 804 di·

512 860 636 946 etum,
669 863 994 959 conceptaculum
1012 859 1086 944 est,
1127 860 1234 952 quod
1255 858 1358 962 stylo
1381 870 1500 953 atque
1526 858 1694 951 stigmati
1712 857 1896 956 probast,
1924 858 2213 953 wovulisautem

510 1011 588 1088 pro
610 990 821 1063 involucro
843 989 1026 1077 inservit,
1060 1010 1185 1081 eaque
1211 988 1257 1060 ad
1284 988 1441 1085 plenam
1463 1005 1590 1078 usque
1617 988 1886 1089 maturitatem
1914 982 2020 1057 suam
2043 983 2160 1058 fovet
2175 979 2215 1057 dt

512 1108 798 1213 complectitur.
860 1111 1087 1186 Ellentialis
1112 1111 1342 1208 genitalium
1363 1110 1633 1185 femineorum
1662 1112 1755 1208 pars
1780 1110 1855 1201 est,
1897 1131 1989 1204 quae
2010 1130 2218 1204 nunquam

512 1241 685 1323 deficiat,
713 1239 900 1334 siquidem
920 1242 959 1312 in
975 1242 1161 1315 universo
1184 1262 1311 1333 regno
1331 1233 1539 1330 vegetabili
1562 1236 1716 1309 nullum
1741 1236 2067 1313 habeaturovuli
2079 1237 2127 1308 ab
2148 1235 2218 1309 im·

512 1368 683 1444 mediato
710 1368 916 1465 spermatis
939 1362 1127 1440 contactu
1150 1365 1190 1439 dc
1214 1376 1334 1438 extra
1352 1374 1511 1438 uterum
1539 1358 1756 1441 foecundati
1788 1363 2055 1461 exemplum,
2088 1360 2220 1455 qualia

513 1494 552 1567 in
573 1491 699 1567 Ranis
720 1493 759 1566 &
782 1492 960 1567 Piscibus
983 1490 1173 1589 prostant.
1224 1485 1395 1589 Semper
1417 1464 1525 1564 enim
1549 1489 1942 1585 genituramascula,
1977 1486 2228 1563 fiextrinle·

513 1638 584 1693 cus
604 1618 783 1709 advenit,
811 1639 885 1714 per
904 1620 1090 1715 proprias
1110 1615 1302 1710 quasdam
1326 1619 1434 1700 vias,
1472 1616 1518 1690 ad
1539 1615 1705 1690 ovulum
1732 1602 1955 1710 vegetabile
1981 1615 2218 1698 deducitur,

510 1744 553 1819 dc
578 1745 646 1818 vel
670 1747 708 1815 in
729 1741 819 1839 ipfis
844 1742 894 1815 nc
917 1740 1029 1816 dictis
1050 1741 1262 1816 seminibus
1285 1741 1420 1843 nudis,
1464 1742 1691 1816 constanter
1716 1753 1854 1839 partes
1877 1741 2059 1836 quaedam
2084 1752 2220 1815 exter-

514 1893 579 1944 nae
599 1872 891 1967 reperiuntur,
920 1890 1012 1962 quae
1029 1866 1134 1944 aree
1153 1889 1243 1941 cum
1269 1866 1488 1943 eorundem
1508 1870 1787 1963 integumento
1806 1889 2022 1949 connexae,
2065 1868 2223 1965 sperma

213 1978 216 1983 ⁵
286 2008 290 2014 “
370 2038 372 2041 ·
514 1997 732 2094 recipiunt,
772 1994 869 2068 illud
893 1994 941 2068 ad
959 1996 1150 2069 interiora
1168 1994 1371 2085 deferunt,
1409 2005 1528 2088 atque
1559 1992 1612 2066 fic
1631 1995 1720 2068 veri
1742 1997 1847 2067 uteri
1872 1993 2064 2092 praeliant
2081 1992 2224 2073 officia,

515 2120 625 2196 Hinc
647 2143 771 2196 ovum
796 2121 1018 2215 vegetabile
1045 2120 1198 2195 nudum
1223 2118 1325 2204 dari,
1370 2118 1544 2221 absolute
1572 2140 1785 2212 negamus,
1832 2120 1904 2195 etii
1938 2119 2223 2204 concedamus,

516 2246 623 2349 polle
645 2257 757 2323 certo
778 2243 956 2346 respectu
975 2246 1061 2322 dari
1080 2245 1226 2322 semina
1242 2245 1370 2321 nuda:
1395 2255 1442 2320 ut
1456 2246 1524 2320 suo
1540 2245 1699 2344 plenius
1716 2246 1870 2322 dicetur
1888 2247 1989 2333 loco.

613 2458 764 2538 Ortum
790 2464 918 2538 ovarii
938 2462 1065 2557 vulgo
1095 2460 1282 2543 medullae
1302 2460 1529 2559 plantarum
1548 2460 1751 2554 tribuunt,
1786 2460 1825 2535 ἃ
1853 2459 2011 2556 quidem
2035 2480 2118 2535 non
2148 2459 2226 2546 illi,

516 2611 608 2685 quae
634 2591 765 2662 carnis
784 2590 900 2663 etiam
922 2587 1157 2682 vegetabilis
1177 2589 1338 2662 nomine
1360 2589 1492 2670 venit,
1518 2584 1582 2660 sed
1605 2586 1803 2661 cellulosae
1824 2586 1902 2672 isti,
1926 2609 2019 2681 quae
2035 2589 2075 2659 in
2096 2585 2226 2660 media

517 2718 649 2791 trunci
668 2694 930 2789 &ramorum
946 2713 1080 2805 ¹haeret
1095 2711 1233 2801 fistula.
1283 2703 1513 2810 Opinantur
1532 2735 1695 2811 nempe,
1723 2714 1881 2787 interna
1897 2714 2123 2811 plantarum
2139 2714 2225 2787 vis·

517 2864 608 2916 cera
629 2844 683 2914 ita
705 2838 743 2913 in
768 2850 905 2936 partes
930 2836 1046 2913 floris
1066 2838 1278 2936 explicari,
1316 2848 1363 2913 ut
1388 2838 1456 2912 fibi
1479 2850 1620 2913 mutuo
1640 2840 1680 2914 ὅ(
1698 2863 1753 2914 ex
1775 2840 1917 2914 ordine
1941 2839 2225 2937 respondeant,

517 2977 638 3060 atque
665 2961 786 3060 calyx
807 2988 830 3037 e
854 2965 1023 3053 cortice,
1056 2965 1205 3038 corolla
1226 2988 1281 3038 ex
1299 2965 1487 3057 alburno,
1519 2964 1682 3040 stamina
1712 2991 1735 3040 e
1761 2968 1891 3060 ligno,
1917 2964 1959 3040 δι
1982 2964 2178 3064 pistellum
2202 2986 2230 3041 e

519 3093 686 3169 centrali
708 3090 879 3166 medulla
899 3100 1128 3176 enascatur,
1162 3093 1253 3185 qnia
1272 3088 1368 3165 litus
1385 3070 1576 3188 partium,
1611 3101 1658 3164 ut
1680 3090 1769 3168 vult
1790 3091 2044 3167 Lrunmus
2070 3086 2160 3187 (ι.)
2186 3089 2228 3164 id

519 3223 574 3305 ita
595 3225 744 3317 poscat
794 3212 874 3291 Sed
895 3216 984 3291 istas
1002 3216 1175 3291 habenas
1196 3213 1390 3291 Naturam
1407 3237 1491 3289 non
1515 3215 1675 3305 audire,
1694 3212 1777 3312 jam
1795 3217 1911 3316 supra
1927 3215 2128 3291 occasione
2143 3217 2228 3289 ori·
2275 3259 2279 3263 -

520 3346 626 3440 ginis
648 3342 857 3418 staminum
882 3342 1132 3424 monuimus3
1170 3341 1209 3417 ἃ
1229 3345 1474 3415 contrarium
1504 3364 1665 3437 quoque
1686 3346 1752 3419 vel
1778 3366 1832 3419 ex
1854 3333 1933 3418 sola
1947 3343 2096 3418 florum
2123 3364 2228 3436 quo·

520 3469 689 3545 rundam
711 3466 1019 3566 compositorum
1045 3464 1241 3540 structura
1259 3468 1424 3541 abunde.
1435 3468 1642 3542 elucescit:
1677 3470 1835 3563 quando
1856 3470 1932 3543 scil.
1953 3471 1990 3542 in
2009 3468 2138 3545 medio
2155 3493 2227 3542 eo-

520 3619 611 3670 rum
633 3595 743 3669 disco
764 3593 868 3692 saepe
892 3592 1018 3668 flores
1034 3594 1234 3668 masculos
1251 3592 1432 3677 steriles,
1468 3595 1605 3691 calyce
1623 3605 1755 3697 tamen
1779 3596 1818 3672 ἃ
1843 3584 2037 3670 corollula
2066 3596 2228 3669 dotatos

520 3719 875 3819 deprehendimus,
901 3718 994 3793 dum
1017 3731 1156 3792 contra
1170 3719 1341 3793 feminea
1357 3722 1496 3795 ovaria
1517 3721 1684 3818 prorsus
1698 3706 1813 3806 nuda,
1830 3722 1877 3793 in
1899 3722 2127 3821 peripheria
2143 3721 2229 3795 col·

518 3847 648 3920 locata
662 3845 756 3928 sint,
793 3844 904 3919 secus
924 3867 970 3917 ac
994 3869 1050 3918 ex
1067 3849 1269 3921 viscerum
1286 3845 1357 3920 litu
1373 3849 1541 3922 evenire
1563 3832 1727 3922 deberet
1743 3861 1813 3921 aut
1826 3848 1973 3946 pollet,
2006 3847 2035 3921 fi
2057 3848 2123 3923 ista
2143 3851 2231 3942 qui·

522 3973 611 4057 dem
635 3972 834 4064 regularis
853 3972 1027 4069 partium
1053 3971 1385 4070 metamorpholis
1407 3971 1487 4045 ullo
1510 3956 1629 4046 modo
1657 3976 1695 4046 in
1726 3976 1899 4050 veritate
1925 3972 2088 4048 fundata
2111 3972 2227 4052 cllet.

520 4096 677 4172 Deinde
696 4099 816 4171 etiam
843 4105 885 4169 et
910 4096 978 4170 vel
1002 4097 1175 4170 maxime
1196 4095 1407 4195 hypotheli
1430 4094 1484 4169 illi
1511 4099 1655 4182 obstat,
1691 4099 1801 4193 quod
1824 4099 2013 4173 centralis
2035 4100 2230 4186 medulla,

521 4224 619 4299 adeo
646 4224 754 4296 omni
774 4219 937 4319 plastica
969 4223 1123 4297 virtute
1145 4221 1329 4317 destituta
1352 4221 1415 4307 fit,
1449 4235 1495 4297 ut
1514 4246 1566 4298 ne
1584 4226 1840 4323 propriarum
1868 4226 2027 4321 quidem
2053 4229 2229 4325 partium

519 4348 678 4425 suarum
694 4342 886 4443 jacturam
903 4369 1112 4443 reparare,
1139 4349 1266 4423 multo
1283 4351 1414 4423 minus
1433 4360 1567 4435 autem
1581 4373 1710 4425 novas
1727 4351 1883 4427 struere
1904 4351 2039 4450 poliit3
2064 4350 2230 4447 &quod

466 4478 468 4487 ’
524 4477 563 4547 in
588 4472 806 4550 noviffimis
828 4473 1012 4565 surculis,
1051 4475 1156 4549 unde
1182 4473 1421 4573 plerumque
1445 4475 1572 4550 liores
1600 4487 1834 4572 emergunt,
1887 4498 2091 4572 nunquam
2115 4478 2229 4565 adlit,
2308 4506 2315 4519 “

523 4598 586 4674 sed
610 4599 697 4672 sero
719 4597 879 4672 demum
898 4621 923 4671 e
942 4598 1053 4692 ligno
1079 4597 1159 4696 (2)
1186 4601 1471 4698 subnascaturzl
1495 4612 1542 4676 ut
1561 4611 1782 4688 taceamus,
1814 4603 2229 4697 quodvariaedentur

523 4727 689 4824 plantae,
723 4727 763 4797 in
782 4724 1145 4817 quibusmedullae,
1176 4700 1308 4799 stricte
1328 4725 1380 4799 fic
1402 4724 1539 4811 dietae,
1570 4716 1727 4803 nullum
1747 4728 1845 4804 adlit
1857 4728 2088 4824 vestigium3
2120 4734 2231 4828 quod

524 4853 564 4924 in
587 4850 767 4950 diphytis
792 4850 986 4935 maribus,
1020 4849 1176 4948 copiosa
1194 4851 1290 4925 licet
1308 4852 1481 4929 medulla
1510 4851 1728 4941 instructis,
1753 4855 1909 4932 nullum
1936 4877 2111 4956 unquam
2130 4880 2230 4957 pro·

2135 4984 2229 5059 deat

562 5132 611 5211 c.)
634 5124 743 5193 Philus.
757 5126 821 5192 bot.
836 5147 865 5212 p.
878 5141 927 5213 52.
948 5128 1021 5203 syst.
1036 5141 1098 5191 nat.
1111 5148 1145 5195 a,
1155 5149 1184 5214 p.
1199 5138 1255 5202 826
1260 5177 1269 5195 .
1497 5135 1548 5220 r..)
1570 5138 1669 5201 Hrtr..
1688 5139 1795 5217 Vegct.
1816 5133 1880 5210 sylb
1901 5157 1931 5224 p.
1952 5158 1994 5201 m.
2006 5154 2065 5216 154
2092 5203 2094 5206 ,
