4852 6062
503 512 583 577 XVI
1197 504 1512 558 ‘.-....'··¹!.¹··¹·¹··......-.

529 768 532 773 >
595 708 802 795 Corelliae,
838 728 939 805 quas
970 712 1122 784 summo
1160 702 1272 804 jure',
1309 710 1523 833 vegetabili
1543 730 1671 805 regno
1696 702 2084 805 vindicandas,'jam
2113 709 2209 791 olim

497 844 772 919 Paucassrus
790 841 838 929 (ι)
855 838 1019 919 censuit,
1045 835 1218 909 medium
1235 839 1339 908 inter
1358 834 1518 911 Usneas
1531 851 1573 912 et
1592 838 1820 913 Conservas
1836 846 1976 910 tenent
1989 836 2139 929 locum,
2168 838 2208 914 dc

495 967 713 1046 verissimae
737 966 827 1038 sunt
854 965 1003 1062 plantae
1026 963 1254 1039 asexuales.
1303 960 1588 1059 Propagantur
1614 988 1689 1061 per
1714 984 1851 1037 meros
1866 964 2072 1058 gongylos
2097 987 2208 1059 gem-

497 1115 673 1186 maceos‚
702 1096 771 1186 qui
791 1091 1017 1166 constanter
1039 1093 1077 1162 in
1101 1086 1265 1162 extimis
1290 1086 1495 1165 frondium
1521 1090 1690 1166 surculis
1715 1089 1893 1170 haerent,
1919 1089 1959 1163 a
1981 1112 2036 1166 cx
2059 1113 2209 1165 eorun-

497 1224 587 1299 dem
600 1222 743 1295 ultimo
760 1229 830 1293 aut
843 1216 1064 1316 penultimo
1082 1216 1266 1297 articulo,
1291 1214 1374 1288 solo
1390 1238 1435 1290 ac
1446 1215 1607 1316 srmplici
1623 1219 1870 1291 incremento
1887 1216 2111 1292 substantiae
2128 1219 2211 1293 suae

496 1348 693 1431 carnosae,
722 1349 889 1421 omnino
911 1346 1071 1443 penitus
1087 1343 1314 1426 herbaceae,
1341 1340 1381 1415 ἃ
1398 1340 1583 1418 sucorum
1602 1344 1711 1418 carni
1730 1340 1954 1426 fimillimae,
1979 1340 2211 1418 formantur

496 1485 538 1551 et
555 1478 592 1548 in
613 1471 762 1568 globuli
785 1472 952 1570 speciem
970 1470 1192 1564 finguntur.
1243 1466 1356 1543 Nihil
1368 1471 1577 1564 quicquam
1593 1469 1796 1562 areliquis
1811 1461 1933 1561 hujus
1948 1468 2087 1543 census
2098 1491 2209 1564 gem-

495 1603 573 1676 mis
588 1597 797 1691 differunt,
822 1595 893 1670 nili
909 1596 1015 1691 quod
1036 1594 1211 1669 calcarea
1224 1593 1375 1679 crusta,
1402 1595 1495 1669 huic
1513 1596 1694 1694 stirpium
1716 1595 1854 1688 generi
1870 1597 2055 1691 propria,
2080 1594 2211 1673 vestiti

496 1728 591 1812 snm
618 1735 764 1801 caetera
798 1725 904 1798 enim
934 1696 1101 1819 perinde
1134 1730 1181 1793 ut
1211 1718 1274 1793 alii
1305 1724 1493 1818 gongyli,
1540 1747 1596 1797 ex
1626 1723 1766 1796 matris
1798 1720 1972 1793 medulla
1996 1744 2040 1794 ac
2065 1723 2231 1794 cortice

497 1851 652 1937 strutti,
683 1854 730 1926 ab
751 1873 798 1923 ea
822 1847 1001 1929 tandem,
1038 1846 1212 1919 resoluto
1234 1849 1384 1921 cortice
1408 1849 1610 1932 secedunt,
1646 1855 1688 1921 et
1705 1845 1904 1944 protrusrs
1923 1870 1946 1921 e
1966 1848 2120 1922 vertice
2143 1848 2212 1923 suo

497 1978 619 2050 novis
637 1975 831 2058 articulis,
862 1964 998 2048 sensnn
1014 1970 1237 2046 informam
1258 1974 1375 2045 matri
1389 1973 1470 2047 suae
1481 1972 1715 2048 simillimam
1735 1972 1895 2047 abeunt.
1945 1973 1991 2045 In
2008 1971 2213 2048 Corallina

498 2096 686 2198 officiarii,
715 2119 851 2175 nexus
868 2101 973 2173 inter
992 2100 1176 2172 corticem
1191 2107 1312 2192 atque
1326 2098 1539 2173 medullam
1553 2099 1722 2195 gongyli
1739 2100 1887 2172 maturi
1902 2120 1985 2173 non
2000 2101 2214 2177 admodum

498 2236 632 2302 arctus
657 2226 730 2310 est,
769 2247 862 2298 nam
896 2227 937 2297 in
970 2223 1066 2316 hoc,
1109 2223 1539 2319 galetinoso·carnosa,
1576 2223 1864 2322 subpellucida,
1899 2222 2146 2326 &jamjam
2171 2232 2213 2302 in

497 2352 689 2427 articulos
714 2334 977 2426 transversim
998 2348 1105 2443 quasr
1132 2346 1233 2423 testa
1251 2353 1305 2442 (a)
1330 2349 1521 2435 medulla,
1548 2348 1662 2423 facile
1677 2374 1701 2422 a
1723 2352 1873 2425 cortice
1894 2351 1964 2425 suo
1980 2355 2213 2452 separatum

499 2481 540 2551 in
561 2476 725 2571 reliquis
743 2486 895 2559 autem,
921 2477 1037 2549 ambo
1049 2473 1156 2549 ardte
1174 2474 1335 2552 interse
1350 2474 1576 2559 cohaerent,
1602 2474 1796 2572 &saepius
1813 2478 1967 2569 accidit,
1993 2489 2040 2552 ut
2055 2499 2210 2578 gongy.

494 2605 569 2689 lus
583 2625 753 2677 unacum
770 2603 949 2676 articulis
974 2599 1042 2674 fibi
1067 2596 1150 2696 jam
1170 2610 1287 2674 antea
1309 2600 1522 2698 impofitis,
1548 2576 1716 2685 defluat,
1741 2611 1862 2694 atque
1888 2625 1944 2676 ex
1965 2603 2030 2680 his
2049 2609 2102 2680 ita
2118 2629 2211 2702 ger-

498 2731 644 2812 minet,
669 2737 718 2801 ut
737 2729 816 2829 ipse
837 2726 976 2801 nilniii
988 2725 1093 2800 basm
1105 2748 1227 2802 novae
1243 2727 1393 2825 plantae
1405 2726 1596 2826 praebeat.
1701 2756 1710 2771 .

598 2940 781 3038 Conferre
801 2964 959 3029 omnes,
987 2953 1067 3019 tarn
1091 2945 1318 3043 capillares,
1356 2967 1475 3041 quarn
1507 2946 1823 3033 moniliformes,
1858 2948 1958 3025 sexu
1992 2949 2032 3026 dc
2056 2952 2212 3031 semini·
2305 2938 2314 2949 ’

498 3068 579 3153 busw
599 3068 639 3140 in
667 3079 909 3168 perpetuum
938 3069 1137 3146 destitutae
1160 3072 1261 3145 sunt.
1311 3071 1498 3165 PrioreS,
1520 3095 1554 3152 ,e
1572 3074 1713 3170 sponte
1732 3074 1889 3159 solutis,
1923 3079 2213 3175 necquidquam

498 3198 665 3271 mutatis
683 3196 864 3270 articulis
884 3196 966 3270 suis
988 3200 1264 3289 regerminant
1287 3200 1356 3292 (3),
1383 3198 1493 3272 sicuti
1518 3196 1696 3297 Opuntia
1719 3223 1777 3276 cx
1806 3203 1926 3273 unico
1956 3199 2113 3283 frondis
2133 3208 2214 3285 suae

498 3320 664 3413 articulo
687 3328 773 3396 tota
799 3320 1064 3421 redintegrari
1092 3323 1215 3397 solet:
1247 3347 1370 3419 quare
1397 3327 1561 3399 omnino
1590 3323 1738 3400 frustra
1770 3325 1828 3401 est
1853 3326 2212 3411 Koauauurrcnns

499 3450 590 3541 (4),
629 3445 788 3542 quando
825 3449 963 3520 cortici
993 3450 1137 3523 harum
1173 3450 1398 3549 plantarum
1432 3450 1866 3549 hypercryptogamica
1897 3459 2038 3532 tribuit
2068 3458 2211 3538 officia.

498 3572 718 3650 Conservae
742 3581 877 3663 autem
898 3573 1210 3660 moniliformes,
1240 3586 1289 3649 ut
1311 3570 1573 3659 corallinoider,
1606 3573 1820 3654 verticillata
1845 3581 1891 3673 (ς)
1917 3581 1957 3656 dc
1979 3587 2104 3659 variae
2122 3586 2212 3663 aliae

494 3688 719 3775 adhucdum
737 3700 1014 3786 innominatae,
1042 3711 1236 3797 promunt
1249 3725 1306 3803 ex
1319 3696 1521 3796 juncturis
1547 3695 1746 3796 majorum
1766 3704 1927 3781 suorum
1947 3713 2211 3790 articulorum

494 3826 633 3901 brevia
657 3823 839 3920 quaedam
865 3823 1067 3904 filamenta
1090 3828 1283 3913 lateralia,
1315 3849 1407 3923 quae
1427 3825 1467 3902 dr
1493 3826 1572 3925 ipsa
1597 3850 1651 3901 ex
1678 3833 1817 3926 parvis
1842 3836 2021 3929 articulis
2041 3839 2214 3915 conflata

493 3951 594 4035 sunt,
619 3949 882 4051 &exquibus
898 3951 1004 4037 solis,
1035 3953 1251 4029 earundem
1266 3954 1571 4054 propagationis
1586 3975 1746 4047 organa,
1772 3956 1846 4031 hac
1858 3958 2022 4060 simplici
2035 3963 2212 4041 forman-

495 4086 564 4150 tur
595 4075 804 4159 methodo,
839 4085 886 4150 ut
910 4088 1020 4152 nun'c
1046 4082 1205 4174 unicus,
1247 4103 1355 4156 nunc
1376 4081 1454 4154 duo
1481 4078 1551 4153 fibi
1571 4082 1771 4179 proximi,
1803 4082 2027 4165 lateralium
2046 4090 2213 4168 filorum

495 4202 669 4295 articuli,
693 4224 768 4299 per
792 4227 944 4281 meram
964 4202 1189 4301 substantiae
1209 4206 1289 4281 suae
1310 4205 1487 4281 carnosae
1508 4205 1864 4296 intumescentiam,
1892 4216 1930 4288 in
1945 4217 2104 4291 unicum
2121 4219 2210 4313 glo-

496 4325 632 4405 bulum
656 4326 823 4407 solidum
846 4338 1159 4416 convertantur,
1186 4331 1416 4435 quizpostea
1441 4330 1582 4436 sponte
1612 4329 1770 4418 decidit,
1801 4334 1842 4413 dr
1870 4337 1964 4416 dum
1996 4364 2050 4418 ex
2082 4346 2210 4421 altera

2086 4482 2204 4570 parte

508 4628 511 4634 ¹
539 4632 956 4725 1.)Elench.Zoophyt.p.
978 4652 1038 4718 4¹8·
1371 4652 1377 4697 1
1410 4614 1458 4696 4)
1480 4611 1638 4683 Entdecka.
1662 4616 1822 4685 (leheim.
1845 4641 1875 4704 p.
1899 4638 1957 4698 υς.
2113 4714 2120 4726 .

1032 4809 1037 4819 ,
1410 4731 1455 4812 ς.)
1478 4732 1721 4797 bundamor.
1740 4752 1769 4808 9.
1787 4731 1850 4802 ha.
1872 4734 2208 4820 hquoadfiguulla·

536 4806 581 4884 a.)
603 4808 702 4868 Erus
718 4804 802 4881 adal
817 4831 859 4871 on
875 4806 978 4873 rorall.
992 4832 1024 4899 p.
1039 4823 1084 4887 48.
1100 4824 1120 4873 r.
1135 4809 1298 4888 24f.a.h
1468 4836 1536 4879 rum
1567 4814 1670 4901 plnres
1700 4816 1919 4899 elegantiffimae
1946 4838 1975 4891 er
1995 4826 2131 4886 nondum
2154 4826 2206 4889 dc·

1465 4900 1579 4986 scripta
1594 4903 1704 4991 sperica
1718 4909 1752 4969 in
1767 4902 1871 4972 littore
1884 4911 2205 4991 Cornubieussorrur·

539 4971 580 5051 3.)
603 4978 737 5038 Anaua.
752 4975 824 5039 iam.
840 4998 861 5039 1.
876 4999 906 5061 p.
920 4998 986 5054 304.
1001 4980 1030 5041 ἀ
1049 4998 1077 5042 2.
1096 5000 1127 5065 p.
1142 5000 1200 5057 ης.
1466 5002 1547 5053 aaut
