4852 6062
496 547 561 602 xx
1190 496 1504 591 ’ΞΕ

497 733 681 835 consutile
696 732 884 813 evidentias
897 728 1026 810 n'roro
1039 729 1215 828 Algarum
1229 726 1366 822 ordine,
1387 752 1488 827 mam
1508 729 1544 803 in
1561 720 1624 802 linc
1630 725 1741 832 stirpe
1750 722 1858 806 ornis
1877 721 2065 827 objicitur
2082 722 2193 824 sulus

500 867 586 943 enim
611 867 648 940 in
669 886 793 939 novam
815 855 977 959 planiam
999 853 1179 955 transeunt
1208 879 1302 931 mern
1329 858 1531 959 exponfionc
1553 853 1594 932 is
1622 859 1810 960 extenstone
1833 856 2012 953 partium,
2050 878 2195 952 quarum

490 989 629 1099 singula
651 992 742 1090 quast
770 983 899 1085 pensio
923 985 1118 1060 incrementi
1142 993 1229 1078 opta
1249 979 1335 1091 sunt
1366 977 1436 1079 (1).
1487 979 1597 1056 Nihil
1632 984 1763 1076 itaque
1790 984 1936 1058 certius
1962 981 2002 1055 ὃ(
2023 1004 2079 1054 ex
2104 979 2196 1078 ipsrs

500 1116 766 1195 Scnnrnrrrr
786 1113 920 1187 verbis
944 1121 1061 1204 atque
1082 1109 1425 1183 observationibus
1450 1107 1635 1201 liquidius
1649 1107 1727 1191 est,
1759 1129 1877 1202 quam
1900 1107 2006 1201 quod
2028 1107 2196 1201 granula

502 1246 586 1337 illa,
612 1267 634 1316 a
653 1243 765 1318 veris
786 1238 998 1314 seminibus
1019 1246 1106 1309 toto
1128 1235 1231 1307 coelo
1253 1233 1414 1317 distent3
1440 1232 1547 1327 quod
1568 1254 1694 1307 merae
1717 1232 1793 1309 smt
1808 1233 2058 1332 Propagines
2081 1254 2195 1327 gem·
2241 1322 2247 1332 .

499 1391 663 1462 maceae,
689 1370 729 1440 in
747 1364 897 1459 globuli
911 1362 1083 1436 sormam
1100 1370 1335 1443 nascentes;
1360 1359 1466 1452 quod
1475 1359 1655 1433 tubulosa
1670 1358 1869 1433 frondium
1886 1361 2093 1457 proboscis
2112 1381 2199 1443 non

499 1497 622 1592 calyx
638 1490 811 1575 fruitus,
838 1490 900 1564 sed
926 1488 1095 1587 simplex
1114 1495 1269 1560 tantum
1290 1507 1538 1579 gemmarum
1560 1485 1698 1570 theca3
1723 1485 1763 1559 ὃ(
1783 1486 1889 1581 quod
1910 1487 2132 1580 generatim
2154 1487 2197 1559 in

495 1624 570 1697 hac
586 1620 707 1717 stirpe
729 1621 860 1693 omnis
879 1614 1119 1690 soecundatio
1136 1610 1334 1709 superflua
1355 1610 1396 1684 ὃ(
1417 1610 1639 1689 frustranea
1658 1610 1722 1695 sn,
1743 1635 1788 1685 ac
1808 1634 1917 1688 mera
1935 1623 2091 1687 tantum
2103 1635 2197 1706 ger·
2276 1694 2284 1709 ‚A

496 1749 661 1825 minatio
675 1749 714 1820 in
732 1743 797 1815 illa
815 1743 948 1848 locum
967 1741 1116 1816 habeat.
1166 1736 1332 1811 Alteras
1350 1736 1434 1812 illas
1451 1739 1693 1831 gemmulas,
1714 1758 1814 1831 quas
1826 1762 1882 1812 ex
1901 1739 1980 1836 ipsa
1993 1739 2198 1814 frondium
2240 1770 2248 1780 ¹
2268 1718 2273 1724 ¹

423 1956 437 1981 ἢ
496 1864 702 1973 superficie
728 1869 965 1963 quandoque
993 1866 1191 1964 pullulare
1219 1859 1523 1939 Scuuroncrus
1552 1861 1619 1960 (2)
1649 1886 1808 1957 quoque
1842 1866 2091 1957 observavit,
2110 1885 2198 1947 ¹non

496 1999 652 2095 quidem
672 2016 884 2091 negamus,
910 2014 987 2067 nec
1000 2002 1133 2069 tamen
1146 1990 1231 2065 illas
1244 1990 1445 2088 prioribus
1459 1992 1669 2084 quicquam
1689 1989 1871 2071 officere,
1895 2013 2021 2068 easve
2037 1994 2077 2064 in
2091 1992 2198 2080 semi·¹

494 2131 559 2201 nis
584 2126 813 2218 dignitatem
832 2120 1010 2198 evehere
1024 2116 1131 2217 posse
1152 2117 1373 2191 censemus:
1404 2115 1504 2189 nihil
1516 2118 1621 2189 enim
1638 2116 1744 2191 aliud
1758 2141 1814 2190 ex
1835 2140 1974 2191 earum
1991 2125 2202 2213 proventu,

497 2254 687 2345 colligere
707 2250 814 2333 licet,
840 2270 957 2342 quam
977 2244 1084 2339 quod
1101 2246 1139 2317 in
1156 2244 1229 2317 hac
1242 2264 1402 2338 quoque
1419 2240 1539 2340 stirpe
1552 2241 1718 2340 duplicis
1734 2241 1876 2316 formae
1891 2264 2062 2336 gemmae
2083 2242 2200 2317 simul

497 2381 676 2453 habitare
698 2383 864 2470 queant,
888 2372 999 2446 sicuti
1023 2370 1061 2444 id
1083 2372 1121 2443 in
1144 2368 1410 2442 Marchantiis
1431 2366 1512 2465 (3),
1538 2367 1716 2461 Muscis‚
1742 2366 2001 2452 Lichenibus,
2036 2372 2132 2464 quin
2159 2371 2201 2443 iu

500 2505 594 2604 ipfis
617 2498 922 2603 perfettioribus
936 2496 1081 2596 plantis
1108 2494 1212 2568 haud
1235 2517 1331 2567 raro
1352 2495 1545 2568 envenire
1568 2494 1683 2588 solet,
1718 2504 1837 2589 atque
1859 2504 2098 2590 argumento
2124 2494 2202 2581 est,

500 2632 607 2728 quod
620 2628 789 2706 Naturae
808 2630 919 2703 vires
937 2626 1070 2697 minus
1091 2621 1242 2699 severis
1260 2622 1301 2694 in
1316 2620 1669 2715 gemmificatioue‚
1691 2642 1811 2716 quam
1824 2623 1864 2697 in
1878 2618 2203 2717 frustifioatione,

503 2756 809 2853 circumscriptae
826 2751 902 2825 fint
916 2750 1084 2843 legibus.
2192 2766 2196 2772 ·

603 2921 683 2996 His
702 2923 815 2996 veris
841 2918 881 2993 &
902 2916 1143 2991 certioribus
1160 2914 1309 3012 plantis
1327 2913 1577 2991 asexualrbus
1598 2913 1815 2991 debuissent
1832 2915 1965 2991 forsan
1988 2913 2204 3011 Targionia

507 3049 548 3123 &
566 3047 701 3122 Riccia
719 3067 879 3139 quoqne
890 3042 995 3126 addi,
1020 3041 1059 3117 &
1079 3039 1263 3138 potuisset
1275 3064 1384 3115 mere
1399 3044 1737 3141 gemmipararum
1750 3063 1945 3118 numerus
1965 3044 2089 3119 variis
2100 3065 2202 3137 quo-
2234 3076 2239 3081 ·

508 3198 587 3270 que
608 3174 790 3264 liliaceis,
815 3168 979 3265 aliisque
1000 3178 1195 3267 perpetuo
1218 3165 1417 3243 sterilibus
1431 3167 1581 3265 plantis
1599 3168 1767 3241 multum
1794 3170 1942 3263 augeri.
1992 3165 2071 3245 Sed
2091 3170 2202 3268 prio·

506 3324 600 3375 rum
613 3298 799 3373 fabricam
813 3295 993 3370 nondum
1009 3294 1201 3367 habemus
1215 3314 1271 3366 ex
1284 3294 1394 3367 vivis
1404 3290 1680 3391 speciminibus
1694 3294 1785 3368 satis
1802 3296 2021 3388 cognitam,
2045 3302 2093 3369 ut
2104 3292 2204 3369 certi

507 3426 602 3521 quid
623 3426 674 3499 de
692 3425 740 3498 iis
762 3423 936 3498 statuere
963 3439 1155 3512 queamus
1163 3445 1177 3503 ς
1209 3418 1249 3494 &
1271 3419 1323 3494 de
1344 3396 1631 3519 posterioribus
1648 3419 1802 3493 abunde
1824 3432 1964 3495 notum
1989 3419 2063 3506 est,
2095 3420 2204 3515 quod

509 3561 660 3627 mutata
677 3546 809 3626 vistus
839 3549 995 3620 ratione
1015 3543 1219 3642 saepissime
1239 3543 1426 3620 flores&
1447 3541 1604 3618 inritus
1618 3544 1848 3641 proferant,
1884 3567 2008 3641 quare
2034 3547 2099 3620 hae
2119 3569 2203 3622 non

508 3672 565 3754 err
593 3688 737 3750 natura
762 3672 848 3756 fua,
876 3674 935 3745 uti
958 3671 1253 3768 praecedentes,
1275 3670 1340 3746 sed
1366 3672 1453 3745 casu
1480 3672 1614 3745 saltem
1637 3670 1675 3744 δι
1698 3694 1772 3768 per
1791 3672 1970 3747 accidens
1990 3673 2208 3763 biennales

508 3803 707 3896 dicendae,
731 3801 801 3879 uel
818 3796 986 3881 reitins,
1009 3796 1238 3894 simpliciter
1254 3796 1411 3873 steriles
1426 3797 1672 3896 appellandae
1691 3798 1794 3871 sunt.
1841 3797 1972 3873 Missis
1993 3822 2091 3895 ergo
2111 3802 2206 3896 bia,

508 3929 556 4004 ad
571 3948 717 4026 paucas
730 3949 838 4000 nunc
850 3924 947 3999 alias
956 3923 1265 4022 progrediemur
1278 3925 1438 4021 plantas
1456 3948 1511 3997 ex
1531 3920 1869 4020 imperseiliotum
1892 3926 2024 4008 tribu,
2058 3927 2204 4021 quibus

510 4064 663 4153 praeter
675 4049 975 4127 manifestissima
990 4050 1151 4131 semina,
1177 4051 1296 4123 etiam
1310 4051 1384 4123 alia
1402 4048 1583 4142 qtraedam
1598 4072 1749 4144 organa
1767 4051 1856 4124 data
1873 4051 1983 4136 sunt,
2006 4074 2096 4146 quae
2113 4073 2204 4151 pas·

512 4181 581 4255 iim
608 4202 699 4252 cum
721 4178 933 4255 seminibus
957 4177 1069 4250 veris
1092 4195 1302 4270 perperam
1332 4174 1552 4264 commista,
1580 4174 1715 4271 paffiru
1748 4198 1908 4270 quoque
1930 4177 1980 4251 ad
2007 4180 2206 4256 masculas

511 4315 651 4406 partes
669 4305 789 4378 dubio
800 4298 893 4397 iure
918 4300 1042 4374 relata
1056 4299 1242 4384 suerunt,
1265 4298 1305 4374 δι
1325 4322 1499 4395 quorum
1517 4302 1633 4377 valor
1650 4302 1755 4374 intra
1775 4301 1963 4402 simplicis
1980 4295 2204 4399 vegetatio·

511 4435 576 4507 nis
593 4429 789 4505 cancellos
803 4423 1003 4501 subsistere
1018 4424 1189 4501 videtur.

606 4594 702 4673 Non
722 4597 797 4669 alia
816 4597 921 4666 inter
933 4591 1020 4666 illas
1036 4591 1196 4689 plantas
1207 4591 1453 4668 manifestius
1468 4589 1613 4689 duplici
1627 4594 1927 4695 propagationis
1940 4616 2093 4689 organo
2109 4618 2205 4691 gau·

509 4725 595 4811 det,
629 4746 750 4818 quam
775 4718 1022 4798 Marcionitis.
1069 4717 1172 4793 Haec
1196 4721 1304 4792 enim
1326 4727 1477 4816 praeter
1506 4741 1606 4796 vera
1627 4720 1793 4805 seirius,
1817 4721 1858 4793 in
1879 4723 2030 4820 peltato
2053 4727 2204 4818 genita·

1229 4832 1233 4837 ¹
1826 4938 1828 4943 ,
2106 4851 2206 4925 lium

558 5006 597 5087 ι.)
617 4999 1017 5084 Ιυεκάῆὶᾶμιμι.
1078 4994 1503 5085 mensurabatxu
1565 4999 2063 5069 Koerrsoesonekcseheim
2078 5024 2107 5089 p.
2121 5021 2166 5077 aa.
