4878 6064
918 502 1221 533 “““““““·““
1740 498 1921 554 LXXXIX

81 676 88 695 ’
209 727 289 782 nec
307 726 389 779 uno
410 701 548 803 plures
563 702 744 780 continet
758 668 926 777 nucleos
952 700 1055 799 (a).
1105 697 1241 797 Hujus
1264 705 1393 797 itaque
1415 698 1714 791 sortisovaria,
1741 707 1920 804 apleris·

210 853 295 927 que
314 830 360 904 ad
387 829 533 903 semina
555 828 662 911 nuda
680 830 881 905 amandari
898 827 1052 907 solent:
1078 827 1117 906 δι
1139 828 1344 903 fatendum
1363 830 1502 913 etiam,
1526 827 1634 924 quod
1646 854 1722 930 pro
1733 832 1869 926 nudis
1889 832 1920 905 si

153 1006 156 1010 ι
209 978 297 1031 non
311 951 598 1053 physiologice,
624 955 900 1049 technologrce
912 953 1396 1052 tamen&comparat1ve
1420 955 1556 1031 haben
1565 968 1737 1050 queant
1762 959 1920 1054 &quod

211 1085 256 1157 in
279 1081 416 1180 praxi,
443 1073 638 1173 ejusmodi
658 1080 804 1165 semina
819 1102 901 1154 non
921 1081 1048 1155 solum
1060 1058 1319 1165 admittenda
1345 1081 1409 1155 sed
1434 1081 1689 1161 &statuenda
1706 1083 1802 1169 lint,
1827 1090 1921 1180 quia

210 1231 298 1283 non
311 1207 386 1280 alia
400 1208 527 1298 magis
538 1178 811 1304 compendiosa
822 1207 995 1288 ratione,
1020 1214 1106 1279 tota
1126 1205 1289 1279 istorum
1307 1202 1506 1280 frustuum
1522 1207 1786 1282 conformatio
1801 1220 1921 1304 atque

211 1333 374 1409 habitus
392 1340 592 1405 externus
612 1329 827 1406 definiri&
848 1333 1022 1430 exprimi
1042 1327 1206 1431 poffint,
1234 1352 1354 1425 quam
1376 1329 1539 1430 simplici
1562 1333 1625 1408 illa
1647 1334 1804 1411 seminis
1825 1338 1922 1414 nudi

210 1456 493 1560 appellatione.

315 1610 438 1742 Tem
452 1667 599 1775 semina
608 1689 816 1806 ,Oquorum
833 1669 956 1762 longe
976 1671 1177 1745 maximus
1195 1689 1390 1747 numerus
1409 1668 1485 1752 est,
1512 1667 1717 1745 manifesto
1732 1672 1920 1748 claudun,

202 1802 284 1878 tur
303 1792 553 1896 Pericarpio,
580 1788 693 1889 cujus
721 1793 870 1893 septem
891 1794 1101 1873 statuimus
1125 1791 1291 1896 species:
1318 1819 1464 1895 nempe
1481 1793 1715 1927 Capsulam,
1749 1796 1921 1884 Nucem,

211 1915 412 2013 Coccum,
438 1916 647 2018 Drupam,
667 1910 857 2057 Baccam,
886 1918 1098 2017 Legumen
1119 1936 1240 2018 atque
1263 1917 1466 2017 Siliquam

313 2153 563 2234 Canauna
589 2156 646 2233 est
661 2158 989 2257 conceptaculum
1011 2157 1167 2253 ficcum,
1199 2157 1574 2243 membranaceum,
1600 2161 1825 2238 coriaceum
1850 2133 1922 2234 aut
2062 2166 2066 2174 '

184 2284 431 2379 lignosum,
454 2304 563 2359 nunc
577 2285 742 2377 evalve,
768 2305 876 2358 nunc
902 2293 1054 2369 autem,
1079 2286 1300 2380 &quidem
1321 2285 1450 2360 multo
1473 2280 1746 2379 frequentius,
1772 2287 1813 2358 in
1835 2284 1924 2360 val-

210 2411 355 2493 volas,
381 2430 569 2495 numero,
596 2410 672 2485 litu
696 2410 736 2485 bt
758 2411 890 2504 figura
914 2414 1049 2487 varias
1075 2413 1285 2488 dehiscens
1336 2409 1527 2485 Omnium
1547 2411 1759 2509 pericarpii
1780 2410 1943 2508 speeie·x

130 2531 137 2545 '
210 2527 312 2613 rum
322 2535 444 2630 longe
460 2534 726 2630 vulgatissima
745 2536 823 2640 est,
849 2537 887 2611 δι
913 2538 1254 2643 ᾳυοηῑαιηῐογηιπ
1265 2547 1386 2633 atque
1398 2532 1545 2612 fabrica
1564 2536 1648 2620 sua,
1672 2536 1835 2610 notabili
1852 2536 1922 2610 sae-

212 2686 267 2762 pe
297 2663 454 2738 ratione
479 2658 634 2745 differt,
670 2663 877 2738 commode
905 2665 949 2736 >in
976 2664 1185 2759 sequentes
1217 2666 1364 2762 species
1393 2663 1639 2738 subalternas
1664 2660 1788 2761 diuidi
1813 2648 1942 2761 polle·
2063 2702 2071 2716 ·

213 2789 399 2864 videtur:
433 2785 508 2863 scil.
542 2790 583 2864 in
607 2786 861 2886 Utriculum,
892 2783 1128 2877 Sameram,
1169 2787 1414 2869 Folliculum
1438 2787 1480 2869 δι
1509 2777 1719 2887 Capsulam
1749 2784 1921 2864 strictius
2016 2874 2020 2882 ⁴

214 2912 373 2991 distam.
682 2943 686 2952 ·

323 3120 502 3202 Utriculas
522 3122 580 3199 est
599 3125 754 3223 capsula
776 3124 1055 3212 unilocularis,
1081 3129 1379 3230 monosperma,
1404 3127 1507 3227 saepc
1531 3119 1756 3199 tenuiliima
1774 3120 1815 3197 ἃ
1838 3120 1924 3197 sub-

215 3249 430 3350 diaphana,
454 3250 679 3326 constanter
700 3274 804 3328 vero
816 3230 994 3337 evolvis,
1020 3255 1060 3329 &
1083 3255 1214 3351 figura
1229 3258 1296 3332 sua
1309 3255 1358 3331 ad
1380 3262 1541 3328 ovatam
1562 3259 1633 3325 aut
1655 3246 1924 3342 subglobosam

215 3376 422 3454 accedens
474 3375 619 3452 Omnia
649 3377 797 3454 semina
828 3377 952 3468 nuria,
984 3377 1115 3454 strisie
1150 3382 1374 3479 loquendo,
1409 3377 1604 3479 Utriculis
1633 3373 1816 3475 conclusa
1849 3373 1925 3447 dici

215 3500 398 3600 poli'ent3
422 3501 1104 3599 sedlimitabimus,figniflcaeionem
1126 3503 1246 3602 hujus
1265 3510 1404 3590 vocis,
1428 3523 1596 3596 eamque
1620 3488 1678 3575 iis'
1692 3501 1830 3576 saltem
1849 3502 1923 3585 tri·
1963 3579 1970 3589 ‚

216 3630 391 3703 buemus
410 3628 601 3703 seminum
623 3630 886 3704 indumentis:
913 3637 1074 3724 quae10.
1099 3632 1294 3709 levissima
1309 3628 1530 3730 digitorum
1554 3627 1741 3701 triturae
1766 3625 1922 3700 semini-

215 3755 295 3829 bus
322 3754 553 3829 solvuntur.
591 3757 632 3827 in
656 3753 938 3854 Chenopodio,
971 3755 1187 3861 Atriplice,
1217 3759 1333 3837 Beta
1383 3761 1442 3830 40.
1468 3776 1560 3849 quae
1580 3755 1686 3826 intra
1708 3753 1923 3828 cavitatem

217 3882 329 3956 suam
342 3873 734 4020 manifestospniculo
752 3876 1231 3981 umbilicalistipatasunt:
1258 3888 1298 3959 in
1312 3880 1532 3965 Adonide,
1550 3874 1772 3962 Thallum,
1798 3874 1923 3951 Atra·
1967 3950 1971 3958 ,

216 4031 335 4109 gene.
384 4014 439 4099 30
464 4029 596 4101 quaea
617 4005 780 4088 semine,
811 4003 1019 4102 interjecto
1039 4010 1202 4085 notabili
1224 4010 1347 4108 spatio
1383 4026 1513 4083 vacuo
1541 4005 1718 4102 separata
1746 4003 1856 4077 sunt.
1883 4002 1925 4075 in

216 4132 428 4218 Eleusine,
454 4129 738 4227 thyranthe,
771 4128 939 4225 Queria,
964 4134 1177 4220 Illecebro,
1207 4134 1469 4231 Polycnemo.
1520 4136 1583 4222 40.
1617 4128 1807 4224 denique,
1832 4148 1955 4227 quae*

218 4261 354 4336 semen
369 4263 575 4336 continent
594 4256 818 4340 inversum,
843 4267 892 4334 ut
903 4261 1138 4357 embryoms
1160 4261 1334 4336 radicula
1353 4259 1501 4354 stylum
1521 4255 1757 4352 respiciat:
1748 4276 1786 4327 m
1807 4252 1926 4329 Calli-

217 4386 370 4469 triche,
396 4380 682 4466 Zannichellia,
707 4379 872 4459 Zostera
890 4385 961 4461 &c
982 4410 1105 4482 quum
1126 4391 1353 4462 contrarius
1370 4384 1499 4457 litus
1490 4403 1528 4454 m
1551 4381 1755 4477 plerisque
1770 4378 1927 4453 semma

218 4512 296 4587 bus
326 4511 445 4585 nudis
470 4513 609 4606 magis
624 4507 790 4584 usitatus
816 4509 882 4586 nt:
924 4515 1039 4588 utin
1071 4512 1347 4596 Graminibus,
1381 4505 1641 4653 Compositis,
1667 4503 1928 4583 Verticillatis

219 4632 463 4714 &Stellatis

1750 4809 1928 4908 Samara,

262 4925 305 4994 ι.)
329 4915 493 4984 Luaml
516 4941 541 4983 e.
