4866 6068
1215 444 1526 545 ss

1335 706 1353 745 t

634 808 683 877 a.)
702 806 815 878 capsula
831 803 953 873 integra,
977 804 1085 859 corolla
1098 806 1126 863 δι
1144 804 1284 861 staminum
1304 805 1424 876 reliquiis
1449 804 1501 860 btfi
1520 804 1612 861 eitun
1670 807 1720 876 b.)
1739 807 1842 863 Eadem
1861 804 2010 862 transverse
2027 804 2104 868 seila,
2132 820 2196 861 tuta

640 902 770 956 seminum
788 898 939 954 insertione.
974 910 1016 959 c.)
1036 900 1139 954 Eadem
1154 900 1291 952 dehiscens
1336 899 1362 952 d.
1378 906 1388 958 )
1406 899 1516 954 Semina
1536 902 1664 970 separata.
1700 905 1748 972 e.)
1770 901 1868 956 Nuclei
1889 915 1953 973 para
1972 898 2092 969 superior
2112 898 2196 951 denu-

534 992 538 1000 “
637 994 717 1056 data,
738 1008 799 1046 eum
817 992 928 1046 chalnza
948 991 977 1044 in
996 992 1104 1047 vertice.
1152 992 1349 1059 f.)1iihumen
1368 992 1513 1060 integrum.
1562 991 1620 1060 G.)
1639 992 1709 1063 Ejus
1730 994 1805 1049 settin
1824 991 2044 1060 longitudinalis,
2065 1006 2126 1045 cum
2146 989 2197 1043 fitu
2258 992 2275 1015 χ

637 1086 800 1153 embryonis.
841 1086 901 1156 H.)
923 1086 1043 1155 Embryo
1057 1084 1276 1156 conduplicatas,
1299 1086 1344 1140 seu
1364 1083 1458 1153 junttis
1475 1085 1608 1148 cruribus,
1650 1087 1697 1158 Ι.)
1719 1087 1813 1152 Idem,
1836 1085 1950 1140 utuffls
1967 1087 2090 1140 nuribus
2106 1083 2138 1138 ἃ
2155 1082 2197 1136 ia-

632 1178 741 1248 stgniter
760 1187 866 1232 auctus.

595 1361 766 1461 Singulare
782 1358 850 1452 est,
888 1355 979 1458 quod
994 1359 1153 1449 embryo,
1185 1356 1326 1431 didutstit
1343 1358 1425 1430 bene
1442 1360 1609 1442 eruribus,
1645 1354 1747 1457 ipsam
1767 1357 1883 1458 plantae
1906 1355 2050 1430 radicem
2069 1383 2108 1428 ex
2134 1351 2197 1428 all'e

643 1453 865 1558 repraesentet,
893 1474 931 1526 ut
951 1452 1007 1527 ille
1030 1450 1137 1527 forsan
1157 1475 1244 1528 totus
1260 1462 1296 1527 iu
1318 1458 1401 1527 hanc
1416 1452 1561 1529 transeat.
1587 1451 1687 1531 Conf.
1700 1463 1854 1531 Dntrn.
1879 1483 1956 1533 nov.
1971 1482 2051 1553 gen.
2068 1467 2093 1530 t.
2103 1456 2196 1531 XII.

600 1620 604 1625 .
636 1560 705 1670 fig.
726 1556 766 1632 E
784 1561 818 1627 ὅ(
834 1556 960 1626 Henna.
982 1550 1004 1625 l.
1021 1580 1049 1626 c.
1101 1549 1247 1653 Caplulae
1266 1572 1379 1625 caetera
1395 1578 1566 1654 nunquam
1583 1549 1658 1626 sunt
1674 1552 1863 1652 pellucidae,
1883 1573 1920 1623 ut
1936 1559 2085 1627 Linnaeut
2104 1552 2198 1634 vult,

643 1652 700 1727 sed
719 1656 894 1745 coriaceae,
921 1645 1024 1723 craffar
1046 1659 1079 1725 &
1095 1676 1221 1749 opaca,
1246 1648 1357 1751 quales
1378 1656 1477 1723 etiam
1502 1657 1744 1747 Huamnmuus
1771 1647 1985 1751 descripsit&
2006 1648 2116 1752 quales
2138 1673 2198 1722 no·

644 1751 714 1824 {lta
738 1745 828 1845 sunt,
853 1749 892 1820 ab
914 1746 1034 1821 eodem
1061 1744 1130 1848 ipso
1152 1749 1233 1823 olim
1256 1755 1292 1823 in
1313 1747 1465 1840 Ceylona
1485 1746 1586 1823 leole.

645 2012 836 2092 LXXXI.
862 2010 1209 2094 COLCHICUM.
1234 2014 1425 2092 Touatt.
1450 2026 1478 2091 t.
1505 2030 1673 2108 181.182.
1699 2014 1848 2096 Lt'tttu.
1867 2042 1949 2115 gen.
1967 2036 2052 2118 457·
2115 2093 2116 2096 ,

599 2220 736 2300 Corolla
759 2245 864 2293 mono
889 2220 987 2294 etala:
1016 2222 1096 2295 tubo
1111 2220 1252 2295 radicato
1269 2210 1482 2322 longifftmo:
1508 2221 1615 2296 limbo
1628 2218 1810 2321 sexpartito.
1868 2229 1969 2298 Stam.
1992 2220 2056 2297 sex.
2115 2219 2201 2315 styli

649 2339 726 2393 tres.
775 2326 846 2416 Cap
862 2317 922 2391 ulae
940 2340 1021 2405 tres,
1047 2320 1234 2393 coadunatae
1252 2325 1287 2392 in
1303 2327 1435 2393 unicam
1458 2321 1633 2407 trilobam,
1657 2317 1817 2420 superam.
1867 2328 2000 2397 Semina
2015 2315 2200 2397 numerosa.

643 2417 799 2509 Embryo
815 2421 850 2487 in
870 2422 1005 2515 regione
1021 2413 1151 2491 seminis
1171 2419 1331 2493 umbilico
1345 2420 1505 2519 opposita.

499 2582 779 2653 eotcmcun
808 2570 1008 2644 autumnale.
1037 2573 1124 2647 Tab.
1140 2591 1185 2659 18.
1209 2574 1265 2673 fig.
1285 2601 1314 2648 a.

598 2698 800 2779 colchicum.
828 2688 987 2775 Focns.
1012 2695 1084 2801 list.
1104 2724 1216 2793 germ.
1243 2701 1284 2776 ie.
1307 2725 1382 2775 201.
1408 2724 1486 2777 202.
1515 2707 1693 2775 Btnnxv.
1722 2698 1813 2779 herb.
1835 2715 1861 2778 t.
1874 2705 1957 2803 566.

600 2826 793 2906 Colelicum
808 2830 899 2924 flore
909 2822 1038 2921 folium
1056 2822 1158 2918 longe
1173 2825 1386 2921 precedente
1402 2880 1411 2909 ,
1429 2824 1561 2925 petalis
1581 2831 1706 2903 uvalis.
1733 2834 1873 2901 Haut.
1892 2827 1972 2933 nist.
1991 2852 2024 2903 2.
2049 2856 2083 2931 tn
2101 2847 2200 2933 1255.

601 2951 792 3031 colchicum
804 2952 908 3051 soliis
922 2948 1043 3049 planis
1070 2946 1270 3027 lanceolatit
1294 2951 1420 3029 trellis.
1448 2960 1577 3030 Lrun.
1591 2952 1675 3057 spst.
1695 2982 1771 3051 oeg.
1786 2981 1875 3057 349.

550 3085 646 3154 Pan.
674 3086 722 3154 Ca
745 3077 813 3152 sula
833 3075 968 3176 supera,
994 3074 1164 3158 obovata‚
1202 3081 1331 3173 trigona
1357 3097 1412 3149 aut
1437 3079 1476 3150 ab
1497 3077 1714 3169 adjacentibus
1733 3086 1768 3152 in
1789 3086 1898 3154 varios
1918 3082 2055 3178 angulos
2078 3073 2202 3179 press‘a,

650 3108 790 3261 triola,
813 3174 997 3273 composita
1017 3198 1057 3242 ex
1072 3167 1207 3271 capsulis
1223 3175 1324 3244 tribus
1341 3175 1544 3273 partialibus,
1569 3175 1836 3263 unilocularibut,
1861 3179 1996 3262 inflaris,
2023 3181 2202 3278 triquetris,

565 3304 567 3307 ’
648 3276 929 3444 fflpffirpnurds,
964 3271 1006 3344 ad
1027 3295 1124 3343 axem
1140 3274 1224 3342 inter
1247 3264 1281 3343 se
1302 3278 1472 3360 connatis,
1511 3269 1620 3346 sutura
1640 3279 1766 3348 interna
1785 3274 1828 3349 ad
1846 3277 1998 3349 medium
2019 3302 2123 3376 usque
2146 3275 2203 3347 de·

699 3392 855 3450 centius,

551 3500 656 3576 Rue.
683 3501 848 3583 margines
867 3492 982 3569 suturae
1001 3500 1153 3590 interna,
1179 3496 1296 3594 quibus
1314 3490 1448 3578 semina,
1476 3497 1531 3568 abs
1555 3522 1597 3569 ue
1613 3496 1747 3582 ordine,
1780 3489 1937 3567 funiculis
1954 3492 2019 3571 suis
2036 3497 2203 3571 umbilica-

648 3594 734 3669 libus
750 3576 982 3676 bliformibus,
1007 3598 1090 3666 circa
1110 3592 1262 3667 medium
1281 3588 1500 3667 solummodo·
1518 3525 1625 3681 alfiae,
1656 3614 1693 3667 ut
1714 3592 1858 3694 superius
1870 3615 1967 3695 atque
1988 3590 2121 3670 inferius
2138 3591 2204 3695 lpa-

647 3699 733 3767 tium
754 3692 817 3767 late
836 3719 978 3767 vacuum
999 3687 1142 3792 superfit.

551 3828 599 3895 tn
611 3847 647 3894 τ.
673 3819 831 3919 fimplex,
856 3820 1109 3895 membranaceo
1126 3812 1360 3918 spongiosum,
1387 3837 1505 3903 renue,
1529 3819 1649 3892 nucleo
1665 3821 1751 3892 arole
1768 3819 1934 3893 adnatum.

550 3954 656 4022 Aua.¹
677 3938 783 4045 figuti
807 3942 958 4039 leminis,
982 3941 1312 4042 subcattilagineum,
1338 3943 1478 4032 durum,
1513 3971 1618 4046 aquen
1643 3941 1815 4045 pallidum.

551 4078 660 4151 Eue.
686 4071 1049 4162 monocotyledoneut,
1082 4069 1338 4155 minutissimus,
1371 4092 1469 4144 ovato
1487 4067 1660 4171 globosus,
1692 4072 1797 4144 laileo
1812 4070 1974 4155 albicans,
2005 4078 2040 4144 in
2058 4090 2146 4171 parte
2161 4067 2204 4141 al-

652 4171 798 4241 buminie
825 4168 984 4239 umbilico
1004 4168 1154 4266 opposita
1176 4174 1209 4241 ὅ(
1232 4166 1330 4239 fimul
1354 4190 1442 4240 extra
1465 4196 1560 4240 axem
1580 4164 1710 4241 seminis
1731 4169 1879 4339 positus,
1922 4175 2126 4245 extremitate
2151 4164 2205 4240 lua

651 4265 818 4341 obtusiore
840 4269 1059 4378 prophetiam
1069 4293 1080 4354 3
1106 4269 1255 4339 tenuiore
1274 4292 1353 4339 vero
1372 4285 1524 4341 centrum
1542 4262 1673 4341 sentinis
1694 4272 1880 4367 repiciens.

1347 4514 1364 4553 ἡ

646 4638 693 4708 a.)
710 4636 822 4707 Capsula
838 4636 952 4705 integra.
995 4634 1043 4705 b)
1068 4635 1173 4691 Eadem
1192 4640 1343 4695 transverse
1364 4638 1441 4695 lecta.
1485 4647 1529 4711 ct)
1551 4643 1655 4698 Eadem
1675 4641 1822 4697 dehiscens.
1865 4641 1957 4706 an.)
1982 4638 2080 4695 Samen
2102 4639 2206 4709 septta-

644 4742 715 4790 tum.
772 4730 827 4800 a)
849 4730 983 4787 Albumen
1000 4730 1228 4800 iungitudinaliter
1246 4728 1361 4796 sectum,
1389 4751 1451 4789 cum
1472 4738 1616 4806 embryone
1642 4737 1671 4791 in
1698 4732 1750 4791 litu
1776 4734 1902 4795 naturali.
1946 4728 2001 4804 Ρ.)
2021 4735 2142 4801 Embryo
2168 4729 2207 4784 st·

643 4836 764 4896 paratur.
789 4836 795 4849 ·

2045 5023 2206 5095 Lxxxu.
