4852 6062
554 501 660 555 val
1256 506 1561 559 ''x-...¹3-

552 718 713 792 ritaiem
734 712 887 810 semper
906 702 1094 784 unauna
1117 707 1288 803 quodam
1310 710 1465 806 liquore
1485 708 1639 784 madeat
1650 706 1672 793 ,’
1694 731 1775 806 quo
1803 719 1845 786 et
1864 711 2011 804 globuli
2040 707 2130 809 ejus
2147 715 2239 786 irre·
2322 776 2325 785 .

553 844 706 923 tiantur
725 861 770 912 ac
788 835 958 930 stigmati
977 834 1297 928 agglutinentur,
1327 844 1379 911 ¹et
1399 859 1480 930 quo
1500 837 1570 913 vel
1592 840 1768 913 maxime
1791 841 1976 930 genitura
1996 838 2166 915 masculo
2190 864 2242 913 ox

555 969 605 1041 iis
625 962 863 1038 extrahatur
881 961 921 1036 dc
943 963 990 1036 ad
1012 965 1203 1037 interiora
1219 963 1310 1057 styli
1329 961 1543 1060 deferatur.
1595 960 1997 1038 Terebinthinaceum
2017 967 2119 1040 dixit
2134 967 2241 1043 iilum

556 1092 753 1185 liquorem
778 1085 1127 1168 Mauricianus
1153 1087 1244 1186 (1),
1271 1089 1395 1188 ipsum
1421 1085 1510 1184 ejus
1539 1092 1729 1182 ignorans
1750 1090 1890 1172 usum,
1915 1091 1954 1164 ἃ
1973 1090 2243 1167 Konnnsu·

557 1236 621 1294 ‘re
634 1239 660 1288 1
674 1233 733 1290 us
760 1213 836 1305 (a)
860 1215 978 1287 etiam
998 1213 1171 1299 dubitat,
1194 1237 1290 1288 num
1304 1217 1488 1307 genitura
1505 1215 1734 1305 muliebris,
1762 1237 1867 1288 anne
1887 1240 1989 1290 vero
2012 1241 2164 1291 merum
2180 1242 2244 1311 ge-

556 1342 706 1417 niturae
727 1338 857 1414 virilis
879 1338 1129 1423 vehiculum,
1154 1338 1343 1414 dicendus
1366 1336 1439 1412 sits
1462 1337 1670 1414 Posterius
1688 1341 1827 1432 utique
1845 1344 1989 1413 rationi
2009 1347 2137 1435 nugis
2156 1368 2245 1418 con-

557 1467 804 1547 sentaneum
842 1465 1058 1556 generatim
1082 1487 1185 1540 vero
1209 1465 1246 1538 id
1265 1462 1540 1538 certissimum:
1592 1464 1698 1558 quod
1720 1465 1852 1558 liquor
1879 1466 1947 1541 iste
1971 1468 2115 1542 oleolae
2133 1470 2173 1544 ὃ(
2198 1475 2245 1544 in·

560 1588 807 1668 flammabills
830 1587 878 1664 lit
902 1588 1071 1674 indolis,
1118 1587 1217 1663 licut
1246 1590 1400 1689 sperma
1417 1591 1535 1665 virile
1554 1591 1698 1687 ipsum3
1761 1591 1867 1684 quod
1891 1592 1957 1667 ille
1980 1616 2069 1669 cum
2095 1597 2172 1669 hoc
2200 1596 2247 1669 sa·

558 1719 703 1795 eillime
729 1716 768 1791 dt
793 1713 1039 1808 aequabiliter
1057 1697 1289 1800 misceatur;
1345 1713 1384 1791 dt
1406 1715 1512 1809 quod
1536 1715 1622 1789 sere
1654 1716 1740 1818 ipso
1758 1717 1826 1790 illo
1851 1731 2054 1793 momento
2087 1725 2248 1796 excerni

559 1843 727 1926 desinat,
749 1841 789 1917 δι
812 1840 950 1934 stigma
972 1850 1199 1932 exarescat,
1223 1839 1263 1915 dt
1284 1840 1452 1914 lamellae
1476 1835 1579 1935 ejus,
1604 1840 1631 1914 sr
1655 1844 1868 1917 irritabiles
1891 1843 2044 1919 suerint
2058 1848 2120 1937 (a),
2144 1851 2250 1921 omni

561 1980 673 2045 motu
696 1970 928 2065 priventur,
953 1990 1033 2061 quo
1059 1966 1301 2041 soecundatio
1321 1963 1478 2064 peracta
1500 1966 1566 2041 est
1617 1966 1725 2041 Hinc
1743 1970 1883 2066 sponte
1903 1970 2104 2064 sequentia
2122 1972 2254 2048 fluunt

560 2093 815 2171 conseitaria:
861 2093 967 2188 quod
995 2094 1126 2186 liquor
1154 2093 1220 2166 ille
1261 2093 1355 2167 solis
1385 2093 1572 2167 inserviat
1603 2093 1908 2169 soecundationis
1940 2095 2096 2183 ufibus;
2148 2101 2252 2193 quod

559 2216 747 2295 annuoa
771 2219 836 2293 sui
858 2216 1126 2310 consistentia,
1159 2219 1268 2293 omni
1290 2223 1452 2316 corpori
1473 2218 1616 2302 solido,
1648 2229 1965 2315 quantaecunque
1986 2222 2112 2298 iirerit
2134 2230 2255 2303 minu·
2383 2248 2386 2255 ’

560 2350 649 2439 tiei,
676 2346 932 2444 spontaneum
953 2345 994 2416 in
1014 2344 1205 2438 stigmatis
1227 2365 1351 2444 poros
1368 2342 1538 2437 deneget
1555 2343 1789 2438 ingressumr
1812 2348 1918 2439 quod
1934 2349 2086 2422 aridum
2106 2350 2254 2446 stigma.

558 2475 608 2549 ad
626 2472 994 2570 impraegnationem
1021 2468 1079 2542 lit'
1098 2472 1295 2568 ineptum3
1329 2469 1369 2544 δι
1388 2470 1574 2565 denique,
1607 2473 1712 2565 quod
1735 2476 2125 2572 verum'pubertatis
2143 2480 2254 2577 plan·

558 2610 691 2675 tarum
717 2606 879 2693 tempus
903 2592 996 2669 illud
1018 2594 1084 2678 fit,
1110 2618 1201 2673 curu
1225 2597 1404 2691 stigmata
1426 2598 1600 2694 prunum
1624 2620 1717 2673 rore
1742 2598 1814 2673 isto
1833 2599 2001 2678 madent

576 2864 581 2869 .
655 2809 780 2883 Hisce
806 2808 984 2905 partibus
1006 2807 1188 2906 stipatum
1218 2810 1329 2888 Ovum
1350 2807 1589 2903 vegetabile,
1627 2813 1664 2885 in
1684 2813 1823 2885 intimo
1843 2816 1950 2886 uteri
1977 2813 2110 2889 haeret
2132 2818 2257 2891 reces-

559 2937 626 3029 su,
663 2932 1005 3028 atquemasculini
1025 2933 1228 3032 spermatis
1247 2933 1431 3033 expediat
1454 2958 1589 3035 opem,
1607 3006 1611 3011 ,
1628 2947 1675 3010 ut
1692 2936 1808 3035 poilit
1836 2960 1980 3012 verum
2013 2936 2138 3016 Seruo
2161 2965 2258 3019 eva·

559 3063 667 3139 dere.
729 3056 862 3132 Ovum
885 3058 1006 3150 igitur
1031 3060 1136 3132 inter
1156 3083 1297 3137 omnes
1320 3057 1634 3135 frui‘iificationis
1662 3072 1815 3159 partes,
1853 3063 1931 3136 sola
1956 3065 2019 3137 illa
2044 3064 2122 3149 est,
2168 3089 2260 3161 quae

560 3188 608 3263 ad
638 3179 920 3286 persetlionem
955 3183 1060 3256 suam
1090 3185 1315 3261 extrinseco
1348 3188 1521 3282 indigeat
1548 3187 1701 3260 anxilio
1730 3186 1768 3263 ὅ(
1802 3210 1892 3280 qnae
1926 3192 2127 3282 geminam
2154 3191 2262 3286 ludat

558 3286 813 3392 sorrnationis
841 3306 1010 3382 scenam:
1058 3309 1222 3401 alteram
1244 3333 1406 3409 nempe,
1447 3335 1537 3385 cum
1562 3335 1584 3383 a
1609 3311 1699 3385 solis
1724 3313 1819 3385 vitae
1846 3315 1998 3387 viribus
2019 3318 2262 3399 excitatum,

559 3441 689 3543 prima
718 3435 868 3510 futurae
893 3433 970 3507 suae
999 3432 1140 3508 formae
1171 3440 1285 3533 ponit
1314 3437 1556 3519 rudimenta,
1597 3436 1760 3509 alteram
1789 3448 1939 3520 autem,
1980 3459 2067 3512 cum
2105 3465 2129 3512 a
2154 3440 2261 3515 virili

560 3565 756 3663 spermate
781 3554 975 3655 adjutum,
1009 3562 1135 3636 totius
1161 3560 1320 3635 sabricae
1346 3563 1425 3637 suae
1450 3562 1611 3658 plenum
1633 3565 1850 3656 exequitur
1870 3562 2033 3636 schema.
2089 3565 2262 3664 Duplex

562 3690 691 3783 itaque
712 3689 748 3759 in
766 3708 846 3759 ovo
866 3683 1029 3759 stadium
1048 3688 1347 3781 organisationis
1366 3690 1445 3761 erit
1459 3685 1804 3761 considerandum:
1830 3710 2001 3782 quorum
2018 3692 2139 3787 prius
2156 3712 2264 3765 nunc

560 3813 832 3892 lustrabimus3
871 3801 930 3883 de'
951 3807 1076 3885 altero
1106 3826 1238 3888 autern
1271 3814 1472 3911 dicemus,
1509 3816 1598 3889 cuin
1629 3811 1678 3886 de
1702 3813 2007 3889 soecundationis
2039 3816 2195 3894 offestu
2225 3820 2264 3893 &

561 3938 837 4041 phaeuonrenis
865 3935 992 4010 sermo
1015 3940 1101 4014 erit.

685 4148 832 4223 Ortum
854 4149 980 4219 totius
1008 4146 1138 4243 pistilli
1159 4147 1283 4241 vulgo
1307 4150 1531 4247 plantarum
1562 4148 1747 4224 medullae
1772 4149 1914 4236 tribui,
1960 4151 2077 4251 supra
2102 4163 2264 4234 monui.

561 4294 672 4357 mue,
695 4292 795 4365 ergo
821 4274 895 4344 vix
919 4291 1021 4367 opus
1040 4270 1097 4345 est
1112 4271 1261 4366 dicere,
1294 4275 1402 4366 quod
1428 4275 1562 4349 eadem
1586 4299 1745 4370 quoqne
1768 4280 1906 4370 origo,
1944 4281 2080 4355 ovulis
2109 4286 2265 4360 tribua-

561 4413 647 4482 tur,
687 4398 726 4472 &
748 4396 854 4491 quod
876 4398 980 4477 haec,
1022 4419 1098 4493 pro
1123 4402 1262 4482 meris,
1295 4401 1405 4476 istius
1428 4402 1631 4485 medullae,
1673 4405 1852 4495 granulis
1879 4404 2066 4500 separatis
2087 4410 2264 4485 habean-

561 4536 640 4597 tur.
690 4522 749 4596 At
773 4542 873 4597 vero
899 4520 928 4595 sl
953 4524 1024 4594 ita:
1049 4542 1121 4595 cur
1141 4523 1206 4595 sua
1228 4529 1364 4624 sponte
1383 4525 1550 4602 ulterius
1571 4548 1755 4603 crescere
1770 4542 1995 4624 nequeunt,
2017 4530 2134 4608 sicuti
2153 4557 2267 4629 gem·

561 4672 660 4731 mae,
685 4671 739 4721 ex
763 4645 899 4721 eadem
924 4648 1094 4723 medulla
1117 4650 1327 4728 oriundae?
1352 4674 1446 4737 cur,
1472 4652 1501 4726 fi
1527 4655 1567 4727 in
1590 4653 1769 4728 medulla
1780 4656 1874 4739 sola,
1900 4658 1985 4732 vita
2003 4662 2268 4751 vegetabilis,

2229 4790 2267 4862 in

606 4883 645 4945 ι.)
669 4875 768 4955 Opera
784 4891 865 4932 ΟΜ·
886 4891 916 4954 P·
940 4892 979 4933 ¹²¹·
1001 4878 1054 4936 ⁶⁶·
1465 4936 1513 5015 3.)
1536 4934 1742 5000 Κοεικευτ.
1765 4937 1862 5000 Dritte
1888 4934 2016 5000 Fortscz.
2038 4957 2070 5021 p.
2098 4960 2162 5017 ¹³4
2187 4959 2243 5017 135.

604 5017 654 5093 a.)
676 5014 787 5077 Zweite
812 5010 1001 5093 Fortsezung.
1024 5035 1053 5098 p.
1076 5019 1126 5077 66.
