4852 6062
555 486 618 548 ut
1261 474 1562 527 a

556 682 751 768 viderint,
796 681 945 757 vel'ex
964 668 1082 754 n'rera
1100 699 1257 772 gemma
1280 676 1517 776 completam
1541 677 1755 775 prognasci
1785 662 1893 774 poffe
1918 675 2105 774 plantam.
2171 672 2247 753 Sed

555 831 603 885 eo
634 809 733 906 ipso,
785 806 890 901 quod
920 828 942 881 e
966 826 1141 898 gemma,
1182 823 1388 896 nunquam
1416 823 1518 878 vcro
1545 826 1570 877 e
1597 804 1781 896 virgineo
1820 801 1958 877 ovulo
1981 802 2116 899 planta
2144 806 2248 879 nasci

553 946 691 1026 queat3
718 932 831 1006 facile
855 931 1108 1023 intelligitur,
1132 928 1239 1024 quod
1262 929 1363 1017 alius
1377 947 1567 1020 gemmae,
1594 927 1633 1000 ὅ(
1648 929 1748 1001 alius
1768 927 2003 1023 embryonis
2023 927 2159 1004 debeat
2175 928 2262 1004 else
2338 951 2350 991 a

554 1070 680 1134 ortus.
733 1058 863 1130 Totus
881 1070 1016 1129 autem
1036 1055 1146 1130 istius
1169 1053 1439 1152 hypotheseos
1460 1052 1578 1126 cardo
1599 1054 1783 1127 versatur
1805 1056 1843 1126 in
1869 1053 2151 1150 praeexistente
2168 1079 2246 1146 em-

552 1184 720 1278 bryonis
742 1182 888 1264 sorma,
916 1202 1006 1273 quae
1028 1182 1154 1271 gratis
1169 1179 1331 1260 assumta
1349 1177 1389 1251 ὅ(
1408 1177 1674 1252 rationihaud
1697 1182 1830 1255 minus
1851 1202 1968 1272 quam
1990 1183 2247 1277 experientiae

552 1312 752 1384 contraria
769 1309 836 1383 est.
886 1303 1044 1401 Nempe
1067 1306 1210 1378 rationi
1234 1315 1450 1401 repugnat,
1474 1305 1704 1378 immensum
1726 1305 1836 1379 illum
1852 1315 1894 1377 et
1912 1307 1949 1377 in
1969 1304 2101 1377 omnia
2116 1304 2247 1380 sutura

551 1433 690 1509 saecula
713 1435 947 1510 destinatum
968 1431 1238 1524 embryonum
1260 1430 1508 1511 thesaurum,
1535 1431 1605 1504 uni
1623 1432 1833 1527 primaevae
1856 1429 2003 1525 plantae
2023 1428 2139 1504 fuisse
2155 1453 2246 1504 con·

551 1561 771 1641 creditum,
797 1579 889 1651 quae
912 1565 991 1628 tam
1017 1553 1129 1627 sacile
1150 1551 1334 1650 potuisset
1350 1553 1438 1627 casu
1461 1557 1619 1652 perire,
1644 1565 1714 1628 aut
1730 1576 1821 1647 quae
1839 1565 2037 1652 perpetuo
2060 1556 2247 1630 miraculo

551 1684 740 1760 debuisset
761 1695 900 1756 contra
924 1678 1113 1753 sinistram
1143 1678 1345 1753 fortunam
1371 1683 1516 1764 tutari;
1541 1691 1760 1778 repugnat,
1787 1701 1999 1754 numerum
2023 1683 2247 1773 germinum

551 1811 597 1884 ad
627 1790 904 1886 evolutionem
933 1806 1263 1904 pertingentium,
1313 1804 1607 1904 incomparabili
1632 1805 1798 1902 prorsus
1825 1807 1981 1879 ratione
2019 1804 2195 1903 superari
2217 1774 2248 1880 ἦ

551 1959 722 2010 numero
738 1933 1056 2008 frustraneorum
1075 1931 1115 2006 dr
1137 1929 1329 2004 inutiliter
1350 1933 1625 2029 pereuntium
1649 1931 1689 2006 dr
1705 1931 1895 2027 denique,
1922 1941 2139 2029 repugnat,
2167 1956 2246 2006 ma·

551 2064 693 2136 teriem
715 2063 752 2135 in
776 2070 985 2140 concreto,
1024 2069 1134 2131 certe
1155 2054 1435 2150 organisatam,
1469 2054 1592 2156 posse,
1627 2055 1744 2133 salvis
1758 2059 1976 2151 organismi
1997 2061 2163 2151 energia
2189 2068 2245 2132 at·

549 2210 628 2282 qne
651 2184 832 2267 modulo,
859 2182 980 2258 dividi
1000 2191 1070 2255 arat
1088 2184 1128 2254 in
1146 2181 1311 2279 spatium
1332 2181 1487 2256 infinite
1509 2204 1677 2279 parvum
1700 2181 1851 2276 redigi:
1879 2179 1948 2256 etsi
1970 2183 2077 2256 enim
2093 2207 2161 2256 ex.
2189 2206 2246 2277 gr.

549 2311 739 2387 circulum
765 2332 855 2385 cum
881 2311 1072 2382 trecentis
1093 2307 1298 2397 sexaginta
1318 2308 1505 2404 gradibus
1532 2311 1637 2380 intra
1665 2305 1934 2405 pulvisculum
1957 2307 2125 2382 solarem
2144 2311 2246 2404 cogi-

548 2448 634 2514 tare
665 2438 758 2513 licet
787 2432 1061 2533 descriptuma
1101 2430 1205 2505 haud
1236 2443 1368 2509 tamen
1398 2435 1609 2529 quisquam
1641 2434 1881 2526 cogitaverit
1905 2434 2165 2527 horologium
2200 2436 2247 2510 ad

546 2564 712 2640 eandem
742 2563 949 2655 minutiem
974 2553 1187 2632 redat‘tum.
1238 2558 1451 2653 Quomodo
1480 2560 1602 2652 igitur
1626 2559 1782 2634 arboris
1808 2570 1996 2644 trurmus,
2029 2563 2151 2646 rami,
2186 2561 2246 2635 so-

547 2691 620 2781 lia,
645 2688 768 2766 flores
791 2688 862 2772 &c
890 2690 992 2759 intra
1011 2681 1246 2782 punstulum
1268 2683 1478 2768 invisibile,
1510 2683 1550 2758 dr
1573 2685 1774 2778 quomodo
1798 2686 2058 2770 haecomnia,
2092 2710 2147 2762 ex
2170 2712 2246 2762 ma·

544 2819 648 2890 terie
667 2814 748 2912 ipso
771 2813 924 2888 aethere
949 2812 1135 2886 tenuiore
1155 2806 1300 2884 strufta
1327 2810 1367 2885 δι
1389 2811 1582 2884 tamenin
1607 2809 1732 2885 multa
1760 2811 1900 2887 saecula
1923 2809 2116 2887 durabilia
2138 2816 2245 2909 cogi·
2330 2876 2334 2885 ,

545 2942 621 3014 tari
642 2948 852 3037 poterunt,
879 2935 907 3010 si
930 2958 981 3011 ne
1001 2934 1171 3033 iirnplex
1198 2935 1357 3029 quidem
1381 2936 1589 3012 vasculum
1610 2960 1665 3010 ex
1689 2960 1791 3032 aqua
1811 2948 1881 3012 aut
1898 2944 1987 3013 a’c're
2010 2937 2247 3023 conflatum,

546 3075 679 3141 mente
704 3063 822 3162 potiit
843 3062 1023 3136 durabile
1042 3070 1084 3133 et
1104 3058 1239 3135 usibus
1260 3069 1396 3160 aptum
1422 3064 1588 3160 concipi.
1637 3058 1718 3136 Sed
1741 3065 1942 3162 inquiunt,
1980 3065 2069 3138 haec
2093 3068 2245 3149 omnia,

545 3191 732 3284 quamvis
766 3185 1197 3287 incomprehenfibilia,
1240 3194 1375 3261 tamen
1401 3189 1454 3260 ita
1480 3185 1518 3261 se
1546 3185 1759 3262 necessario
1783 3189 1950 3274 habere,
1992 3191 2087 3284 quia
2116 3192 2245 3267 multo

545 3317 671 3409 magis
691 3313 737 3388 iit
756 3311 1176 3410 incomprehensibile,
1206 3310 1312 3404 qtaod
1334 3313 1549 3394 materies,
1574 3313 1686 3386 nullo
1709 3313 1874 3411 praeside
1893 3312 2109 3402 intellestu,
2136 3319 2246 3392 nulla

544 3441 739 3535 dirigente
760 3440 964 3538 sapientia,
999 3460 1054 3510 ex
1074 3437 1113 3510 se
1140 3436 1218 3533 ipsa
1241 3458 1390 3529 organa
1410 3437 1564 3511 struere
1591 3437 1728 3534 possit,
1771 3441 1955 3515 omnibus
1979 3443 2247 3540 praesentibus

543 3565 582 3642 ὅ(
607 3567 756 3640 suturis
780 3563 1053 3656 usrbus,-quin
1081 3560 1146 3635 vel
1171 3561 1405 3658 impraevisis
1425 3562 1662 3637 &fortuitis
1688 3563 1837 3639 casibus
1861 3566 2161 3664 prudentissime
2178 3572 2245 3644 ad-

541 3700 683 3790 aptata.
730 3683 906 3780 Verum,
946 3691 1015 3781 qui
1037 3684 1127 3760 talia
1150 3687 1382 3783 proserunt,
1420 3688 1524 3763 haud
1549 3687 1763 3765 meminisse
1787 3691 1976 3766 videntur
2002 3697 2114 3771 tritae
2140 3697 2245 3772 illius

543 3814 804 3893 diiunctionis
840 3817 946 3887 inter
972 3807 1221 3907 suhjedtivam
1250 3812 1289 3886 δι
1321 3807 1557 3908 objestivam
1588 3816 1825 3912 sapientiam.
1888 3815 1981 3892 Non
2012 3824 2121 3896 enim
2156 3824 2244 3898 ideo

540 3953 748 4039 geometra
769 3943 827 4017 est
847 3940 969 4038 Apis,
995 3940 1087 4033 quia
1108 3937 1273 4011 cellulas
1300 3937 1417 4013 struit
1438 3941 1477 4011 in
1504 3939 1848 4013 conunodisllmam
1873 3941 1911 4016 ὅ(
1936 3947 2170 4038 regularem
2196 3951 2242 4024 fi-

541 4093 679 4164 guram
703 4070 951 4160 hexagonam
976 4062 1189 4181 formatam
1231 4084 1315 4136 raon
1337 4063 1532 4137 astrorum
1558 4063 1597 4138 dr
1624 4068 1717 4137 anni
1747 4066 2053 4146 viciffitudinum
2085 4094 2242 4166 gnarus

541 4196 640 4270 Mus
665 4193 850 4289 agrestis,
899 4193 989 4285 quia
1012 4188 1078 4262 ubi
1097 4210 1254 4260 annona
1273 4190 1309 4260 in
1332 4188 1518 4283 hyemem
1542 4191 1745 4287 prospicit3
1770 4214 1843 4269 nec
1877 4192 2000 4270 Fiber
2022 4198 2243 4275 testonicas

538 4322 577 4398 u
604 4318 893 4417 hydroilaticas
911 4315 1029 4389 callet
1051 4315 1187 4408 leges,
1229 4317 1414 4409 quoniam
1435 4313 1642 4412 stupendis
1665 4319 1878 4412 aggeribus
1905 4319 2118 4400 fluminum
2153 4350 2242 4402 cur·

539 4448 621 4522 stain
643 4445 836 4544 impedire
862 4454 904 4517 et
929 4444 967 4514 in
992 4439 1086 4514 satos
1104 4439 1201 4515 usus
1225 4439 1397 4533 dirigere
1424 4445 1569 4516 noscit.
1637 4440 1883 4519 Admiranda
1908 4448 2066 4541 quidem
2093 4477 2150 4528 ex
2178 4455 2241 4528 his

537 4573 722 4648 omnibus
741 4572 931 4645 elucescit
948 4567 1151 4664 sapientia,
1177 4576 1219 4651 at
1238 4586 1321 4640 non
1337 4559 1563 4658 subjectiva,
1593 4589 1674 4641 non
1693 4583 1991 4656 creaturarum,
2026 4577 2091 4651 sed
2118 4579 2249 4679 ipsus

537 4698 766 4789 Creatoris,
805 4697 937 4771 omnia
961 4690 1304 4790 praedisponentis.
1352 4688 1399 4765 Si
1418 4702 1553 4766 autem
1578 4693 1789 4769 brutorum
1818 4700 2024 4785 animulae,
2056 4715 2106 4779 ut
2127 4706 2239 4781 avide-

537 4847 654 4910 mus,
692 4823 858 4900 defiuito
883 4820 1002 4894 irubui
1032 4824 1255 4915 potuerunt
1285 4813 1488 4901 instinctu,
1542 4827 1589 4892 ut
1614 4844 1737 4920 opera
1766 4823 1992 4920 perficiant,
2040 4850 2137 4924 quae
2161 4831 2240 4931 ipsa

2120 4976 2238 5029 mens
