4878 6064
917 524 1223 585 a
1801 526 1918 586 xcm

216 720 401 799 consinus
417 720 495 808 est,
518 727 568 798 ut
579 721 795 799 nonsolum
810 724 853 800 in
864 728 1053 805 universa
1069 726 1393 827 Tithymalorum
1412 737 1534 826 gente
1545 731 1671 810 latius
1684 734 1828 833 sumu,
1852 739 1919 818 sed

216 851 257 926 dr
278 855 317 924 in
332 850 518 926 omnibus
536 848 722 947 stirpibus
740 855 982 950 reperiatur,
1009 877 1178 951 quarum
1200 859 1447 957 perricarpia
1467 860 1576 933 intus
1596 857 1748 937 elastica
1772 863 1919 943 lamina

215 977 410 1077 duplicata
424 979 536 1053 sunt:
562 981 621 1053 uti
633 977 811 1063 Diosma‚
836 977 1022 1076 Phylica,
1046 980 1301 1057 Fraxinella:
1326 983 1502 1077 quare&
1517 982 1678 1070 Coccum,
1702 991 1919 1068 nonmodo

214 1127 272 1179 ex
294 1106 359 1180 illa
382 1115 477 1181 nota
501 1104 615 1179 facile
637 1104 828 1199 dignosci,
853 1106 917 1181 sed
948 1108 989 1184 dr
1009 1115 1182 1207 propter
1204 1110 1381 1203 reliquas
1398 1111 1494 1208 ,suas
1516 1110 1655 1195 dotes,
1680 1112 1786 1190 haud
1806 1140 1915 1195 conr·

213 1230 334 1305 mode
347 1254 437 1307 cum
457 1231 531 1306 alia
554 1233 765 1332 pericarpii
785 1233 911 1332 specie
938 1236 1097 1309 misceri
1114 1232 1221 1332 posse
1242 1234 1457 1311 censemus.
1505 1233 1761 1316 Differentiae
1788 1241 1916 1323 Cocco.

212 1379 291 1431 rum
310 1356 569 1436 desumuntur
583 1384 607 1434 a
620 1360 791 1447 cortice,
813 1360 959 1437 lamina
973 1363 1130 1439 interna
1153 1361 1194 1437 dr
1212 1383 1385 1463 numero
1402 1361 1577 1460 partium
1595 1362 1769 1445 suarum.

312 1569 469 1650 Cortex
484 1576 600 1673 plane
613 1573 739 1650 deesse
758 1577 921 1653 videtur
943 1580 983 1652 in
1005 1577 1145 1662 Hura3
1171 1581 1212 1653 in
1233 1577 1402 1674 reliquis
1423 1587 1556 1652 autem
1578 1579 1647 1653 vel
1669 1582 1917 1660 membrana·

211 1699 396 1791 ceusest,
423 1705 519 1775 utin
533 1700 786 1797 Tithymalo,
803 1704 1057 1789 Mercuriali,
1080 1701 1356 1804 Xylophyllaa
1382 1706 1453 1781 vel
1466 1704 1686 1788 coriaceus,
1713 1705 1918 1795 inBuxo,

208 1820 424 1921 Jatropba,
449 1823 656 1913 Crotone;
688 1816 759 1907 vel
779 1831 952 1926 denique
973 1830 1161 1907 carnosus
1187 1843 1256 1905 aut
1281 1831 1497 1926 fungosus,
1523 1833 1562 1904 in
1587 1825 1777 1927 Bradleja
1796 1841 1919 1927 atque

208 1946 403 2028 Emblica.
453 1948 738 2050 Cujuscunque
761 1979 864 2033 vero
887 1957 1156 2034 consistentiae
1177 1958 1243 2045 sit,
1269 1957 1426 2032 nonnisi
1461 1957 1622 2032 dorsum
1646 1954 1914 2034 Cocculorum

210 2077 384 2170 obtegit,
414 2101 459 2150 ac
478 2103 552 2176 per
571 2086 839 2158 maturitatem
860 2086 999 2182 sponte
1022 2088 1062 2158 in
1083 2094 1220 2183 partes
1241 2105 1412 2158 numero
1432 2105 1575 2157 eorum
1596 2084 1772 2177 aequales
1795 2082 1917 2163 solvi·

208 2210 308 2287 tur,
336 2214 384 2278 ut
405 2214 535 2281 tamen
552 2229 634 2281 uon
647 2212 812 2308 penitus
827 2209 997 2295 defluat,
1021 2210 1293 2309 praeterquam
1315 2209 1356 2282 iu
1379 2206 1559 2283 Emblica
1578 2205 1748 2310 officinali.

260 2498 273 2505 ,
310 2409 480 2489 Lamina
499 2418 654 2492 interna
674 2421 714 2493 in
736 2419 923 2494 omnibus
947 2418 1035 2494 sere
1062 2418 1545 2511 chartaceorearuiaginea
1563 2418 1621 2494 est
1640 2419 1680 2495 da
1713 2420 1751 2490 ln
1776 2418 1914 2517 super-

208 2538 301 2613 ficie
325 2540 392 2614 sua
411 2545 593 2628 interna,
615 2546 853 2642 plerumque
880 2543 1168 2638 laevigatilsima
1188 2545 1228 2625 δι
1252 2541 1480 2641 splendens3
1514 2542 1657 2619 osseam
1681 2568 1784 2619 uero
1809 2547 1914 2621 duri-

209 2667 308 2743 tiem
332 2669 480 2743 cocculi
494 2669 625 2746 Hurae
641 2672 810 2757 habent;
831 2671 871 2746 ἃ
894 2671 1064 2770 prorsus.
1074 2671 1217 2770 lapidei
1238 2670 1386 2743 suntin
1400 2666 1580 2745 Emblica
1595 2666 1842 2765 &Bradleja

311 2880 518 2962 Numerus
532 2886 752 2962 rariuscule
777 2887 977 2973 binarius,
1002 2888 1108 2963 utin
1138 2882 1398 2979 Mercuriali,
1431 2882 1498 2959 sed
1518 2883 1587 2961 illo
1612 2906 1816 2982 nunquam
1838 2888 1917 2962 mi-

208 3030 290 3083 nor
310 3007 384 3084 ests
408 3010 746 3106 frequentissimus
770 3016 950 3091 omnium
966 3015 1187 3099 ternarius,
1210 3024 1260 3088 ut
1280 3014 1348 3089 sub
1374 3015 1497 3089 certis
1522 3008 1913 3088 cautelis-Tricoccae

209 3139 359 3211 merito
377 3162 455 3237 pro
475 3140 614 3214 ordine
635 3143 806 3216 naturali
826 3140 962 3214 haberi
980 3150 1154 3236 queant,
1189 3140 1338 3215 dantur·
1353 3148 1487 3215 tamen
1514 3137 1553 3213 dr
1582 3148 1837 3232 tetracoccae,
1868 3146 1916 3213 ut

209 3261 406 3362 Jatroplra
420 3261 587 3363 globosm
613 3266 653 3342 da
676 3277 945 3365 pentacoccae,
968 3276 1016 3340 ut
1036 3264 1213 3350 Diosr'na,
1237 3262 1492 3352 Fraxlnella3
1518 3263 1557 3339 dr
1578 3264 1840 3349 hexacoccae,
1867 3272 1921 3338 ut·

211 3386 399 3486 Bradleja
415 3390 497 3488 (1.)
512 3419 523 3479 ;
549 3392 612 3467 sed
627 3393 705 3468 sola
721 3392 828 3488 quod
845 3394 958 3469 sciam
976 3391 1110 3478 Hura,
1135 3393 1352 3491 polycocca
1365 3391 1433 3469 est.
1482 3389 1541 3465 Et
1565 3389 1617 3465 lic
1637 3411 1798 3486 quoque
1821 3412 1914 3489 par·

184 3600 194 3616 ι
212 3538 287 3592 cus
303 3516 415 3591 estin
432 3515 618 3593 Cocculis
632 3519 823 3595 seminum
840 3541 1056 3605 numerus3
1085 3541 1178 3594 naun
1199 3522 1239 3593 in
1258 3521 1443 3618 plurimis
1463 3519 1634 3593 solitaria
1655 3518 1764 3601 sunt;
1790 3518 1915 3611 gerni·

210 3662 377 3717 nevero
392 3647 649 3743 reperiuntur
665 3648 704 3719 in
713 3642 979 3730 Andrachne,
1004 3642 1270 3740 Phyllantho,
1295 3643 1566 3744 Xylophylla,
1591 3643 1738 3724 Buxo,
1760 3640 1914 3716 Embli·

208 3792 279 3862 ca,
304 3770 345 3844 δι
370 3772 501 3846 rarius
523 3775 562 3845 in
583 3771 793 3871 Jatropha;
818 3771 933 3871 plura
960 3781 1093 3846 autem
1125 3793 1210 3845 non
1231 3771 1451 3847 habentur:
1480 3768 1553 3845 etfi
1573 3771 1679 3844 enim
1703 3770 1743 3840 in
1758 3764 1916 3857 ¹F'rani'·

207 3896 329 3969 nellae
343 3896 487 3973 loculis
507 3896 670 3993 singulis
685 3900 803 3998 plura
817 3897 942 3973 adsint
957 3898 1098 3980 ovula,
1122 3900 1256 3971 omnia
1273 3906 1411 3997 tamen·
1426 3904 1578 3993 praeter
1590 3915 1721 3969 unum·
1730 3902 1801 3970 aut
1815 3893 1920 3986 duo,

190 4018 438 4097 ‘constanter
454 4024 654 4109 abortant,
681 4036 728 4100 ut
739 4026 928 4103 seminum
943 4044 1147 4099 numerus·
1160 4024 1357 4097 binarium
1371 4041 1576 4116 nunquam
1591 4021 1774 4100 excedat-

307 4204 492 4281 Drurn
514 4209 573 4284 est
595 4213 861 4310 pericarpium
881 4232 936 4285 ex
963 4210 1119 4283 cortice.
1134 4211 1268 4292 uario,
1299 4226 1504 4301 nunquam
1533 4206 1765 4282 dehiscente
1790 4204 1830 4279 δι
1858 4224 1918 4278 ex
1951 4226 1952 4231 ‘

207 4336 414 4430 putamine
432 4338 570 4420 unico,
595 4335 703 4412 arcte
716 4360 806 4411 curn
827 4338 894 4411 suo
912 4339 1059 4412 cortice
1071 4335 1324 4419 cohaerente,
1347 4335 1682 4432 compaginatum.
1703 4327 1922 4406 Differunt

208 4461 315 4534 inter
331 4459 370 4534 se
382 4460 625 4559 potissimum
645 4466 794 4538 cortice
813 4473 932 4557 atque
950 4465 1165 4561 putamine.

307 4640 484 4731 Cortex,
514 4650 582 4742 qui
597 4651 672 4722 vix
687 4669 860 4741 unquam
877 4646 948 4720 nis1
962 4650 1001 4720 in
1016 4642 1247 4741 Amygdalo
1264 4640 1404 4741 sponte
1416 4640 1593 4726 dehiscit,
1619 4642 1840 4738 generatim
1856 4637 1915 4714 est

206 4776 275 4848 rel
289 4771 449 4856 mollis,
470 4776 540 4851 vel
556 4775 753 4862 fibrosus,
786 4775 1055 4851 velexsuccus
1073 4797 1087 4847 2
1108 4772 1213 4847 uude
1227 4769 1424 4845 habentur
1445 4767 1603 4868 Drupae

1743 4912 1920 5000 luccae,

249 5090 291 5151 r.)
316 5080 499 5148 Gloclridion.
521 5088 650 5147 sonsa.
673 5083 752 5146 char.
774 5104 841 5162 gen:
